1927 3218
911 60 980 152 39

154 240 378 297 debimus,
409 239 532 291 nulla
561 254 609 291 re
641 238 741 285 illos
772 239 929 283 melius
962 246 1008 283 et
1040 241 1237 298 apertius
1274 241 1455 285 intimos
1496 256 1656 286 sensus
1687 258 1741 287 ac

156 319 470 378 cogitationes,
503 317 703 374 quasde
736 317 916 361 numine
950 318 1099 363 divino
1132 320 1178 363 in
1211 307 1467 364 universum
1501 326 1546 363 et
1577 320 1633 364 de
1657 321 1741 366 diis

156 398 245 441 suis
277 403 324 440 et
356 396 411 440 de
446 412 599 440 eorum
632 412 734 440 cum
756 397 1010 442 hominibus
1034 399 1351 442 coniunctione
1372 398 1604 455 haberent,
1627 399 1742 444 indi-

154 475 350 530 cavisse,
382 490 514 532 quam
546 475 630 519 hac
661 477 760 533 ipsa
789 477 999 532 δαίμωννος
1030 483 1075 520 et
1116 477 1416 535 appellatione
1459 487 1505 521 et
1541 478 1739 522 notione.

153 552 347 597 Omnino
382 556 498 598 enim
529 556 584 599 iis
617 561 713 598 erat
743 570 1035 613 persuasum,
1067 562 1270 599 naturam
1291 555 1555 612 humanam,
1587 573 1670 615 per
1692 573 1740 601 se

154 631 515 692 indigentemac
549 634 765 690 debilem,
797 650 888 678 non
918 635 1102 693 propria
1134 634 1216 679 sed
1248 635 1393 679 aliena
1423 636 1468 679 vi
1498 637 1740 681 sustentari

151 725 203 754 ac
233 712 404 768 vivere,
436 729 582 770 neque
615 714 735 757 bona
773 729 920 771 neque
952 714 1067 757 mala
1106 730 1132 757 a
1169 721 1313 758 semet
1349 715 1459 773 ipsis
1493 715 1576 759 sed
1608 732 1635 759 a
1658 732 1740 759 nu-

107 811 112 816 ·
153 791 270 840 mine
305 792 453 837 divino
495 793 743 851 repetenda
769 809 895 849 vesse.
967 792 1071 843 Hoc
1111 794 1303 847 fatorum
1345 809 1596 853 supremam
1637 811 1742 839 cau-

155 884 248 914 sam
283 877 327 915 et
358 873 527 921 fontem
561 887 688 928 esse,
719 872 804 916 hoc
838 873 1033 916 omnium
1066 888 1215 923 rerum
1246 873 1359 917 fines
1399 874 1629 918 continere
1659 891 1740 918 vo-

147 949 312 998 lebant.
378 951 471 995 Sed
504 952 730 1008 quodnam
761 952 943 996 tandem
975 952 1061 996 hoc
1095 969 1259 997 numen
1291 959 1470 1010 poterat
1492 969 1616 1009 esse,
1649 970 1739 1010 quo

147 1045 238 1073 non
271 1030 391 1083 aliud
424 1037 548 1079 esset
581 1030 816 1088 superius?
883 1029 1162 1075 Graecorum
1197 1032 1313 1076 enim
1347 1031 1406 1075 dii
1440 1047 1522 1090 pro
1557 1048 1610 1075 ea
1640 1032 1737 1090 opi·

150 1111 306 1166 nione,
341 1106 455 1167 quae
498 1111 544 1154 in
585 1111 781 1156 omnium
822 1110 980 1154 animis
1019 1110 1222 1169 vigebat,
1270 1127 1360 1154 non
1402 1117 1560 1168 suapte
1601 1112 1646 1154 vi
1687 1127 1739 1155 ac

148 1195 258 1233 nutu
291 1189 619 1246 consistebant,
653 1189 734 1233 sed
766 1206 792 1233 a
822 1190 1042 1248 principio
1077 1190 1326 1247 antiquiore
1360 1190 1554 1248 ideoque
1577 1196 1739 1249 poten-

147 1270 259 1313 tiore
292 1275 338 1312 et
371 1270 588 1327 originem
621 1275 667 1312 et
698 1275 902 1312 naturam
934 1269 1159 1312 habebant
1202 1275 1247 1312 et
1286 1276 1528 1326 propterea
1567 1270 1623 1313 ab
1661 1270 1737 1313 illo

146 1350 229 1393 toti
261 1348 533 1406 pendebant.
616 1347 819 1404 Deinde,
851 1337 1077 1405 ⁴quoniam
1117 1348 1243 1392 multi
1282 1354 1410 1391 erant
1456 1348 1538 1404 dii,
1586 1349 1739 1393 unius-

147 1425 363 1484 cuiusque
395 1433 597 1484 potestas
630 1433 894 1481 ceterorum·
916 1428 1110 1470 omnium
1142 1427 1442 1484 potestatibus
1464 1428 1734 1471 terminaba-

145 1513 237 1559 tur;
272 1512 317 1549 et
348 1507 452 1563 quia
484 1521 609 1549 suam
642 1506 830 1563 quisque
864 1512 1032 1549 certam
1072 1521 1123 1549 ac
1165 1505 1392 1550 definitam
1431 1505 1595 1565 agebat
1638 1522 1739 1564 per-

147 1601 300 1629 sonam
334 1585 390 1628 ad
422 1585 648 1628 hominum
689 1584 1021 1628 similitudinem
1064 1585 1408 1640 conformatam,
1449 1600 1556 1628 suae
1596 1586 1738 1642 ipsius

145 1672 329 1708 naturae
368 1664 533 1708 finibus
581 1664 905 1722 circumscripti
952 1670 1091 1724 erant.
1170 1664 1328 1721 Itaque
1375 1680 1521 1721 neque
1568 1664 1732 1723 singuli

147 1747 292 1802 neque
327 1745 544 1800 universi,
580 1744 781 1801 quamvis
815 1759 970 1787 eorum
992 1743 1299 1803 magnitudine
1324 1750 1370 1786 et
1390 1744 1621 1787 maiestate
1644 1744 1738 1789 ani-

146 1825 206 1866 mi
236 1824 359 1881 pleni
393 1829 568 1878 essent,
600 1824 759 1867 insitae
794 1823 968 1866 cuidam
1010 1824 1171 1866 mentis
1211 1823 1738 1878 humanaenecessitati,

145 1919 234 1960 qua
265 1903 322 1947 ad
352 1904 484 1946 unius
517 1918 569 1946 ac
602 1903 761 1946 summi
792 1902 986 1947 numinis
1019 1901 1243 1960 quandam
1282 1901 1587 1960 suspicionem
1632 1900 1736 1947 duci

144 1989 355 2041 apparet,
389 1982 646 2026 satisfacere
669 1987 901 2040 poterant3
937 1981 1018 2026 sed
1042 1980 1320 2034 excitabatur
1343 1995 1523 2039 semper
1543 1982 1590 2026 in
1611 1997 1735 2026 men-

143 2048 263 2105 tibus
297 2062 490 2105 obscura
522 2062 744 2119 quaedam
784 2062 998 2120 cogitatio
1046 2062 1207 2105 infiniti
1254 2061 1487 2104 cuiusdam
1528 2062 1738 2117 numinis,

145 2141 268 2198 quod
300 2157 325 2184 a
358 2141 636 2200 singulorum
669 2141 856 2185 deorum
887 2140 1051 2184 finibus
1086 2129 1280 2184 solutum
1314 2155 1559 2197 eorumque
1592 2141 1737 2198 numi-

144 2236 202 2263 na
233 2221 362 2277 quasi
402 2220 657 2277 amplexum
695 2221 742 2263 in
789 2220 1119 2263 constituendis
1166 2234 1218 2262 ac
1266 2218 1553 2263 moderandis
1598 2219 1736 2263 rebus

144 2315 354 2358 suprema
393 2305 439 2342 et
476 2298 852 2357 incomprehensa
891 2299 1064 2343 ratione
1105 2304 1376 2342 versaretur.
1454 2298 1606 2355 Atque
1646 2298 1732 2342 hoc

144 2380 364 2424 infinitum
397 2395 563 2422 numen
598 2395 623 2421 a
654 2394 837 2432 munere
870 2378 1253 2442 praestantissimo
1285 2377 1733 2435 datumvappellaba-

142 2465 227 2501 tur.
291 2458 440 2502 Huius
471 2459 608 2517 igitur
638 2458 869 2502 voluntate
892 2473 945 2501 ac
967 2457 1279 2516 designatione
1302 2457 1736 2515 singulorum-etiam

141 2535 371 2581 hominum
403 2538 495 2580 fata
526 2552 579 2580 ac
607 2543 757 2580 vsortes
790 2536 1159 2580 continebantur:
1195 2551 1284 2592 quo
1318 2536 1506 2591 quisque
1528 2536 1630 2579 loco
1653 2551 1733 2578 na-

141 2618 216 2657 tus
259 2621 402 2671 esset,
451 2615 612 2673 quibus
662 2615 864 2674 corporis
913 2620 959 2658 et
1005 2614 1139 2661 animi
1185 2613 1473 2658 facultatibus
1520 2618 1737 2668 uteretur,

144 2693 263 2748 quali
296 2701 417 2736 esset
447 2695 657 2752 ingenio,
681 2694 842 2751 quibus
866 2694 1048 2748 studiis,
1073 2700 1265 2750 quantae
1290 2694 1331 2736 ei
1353 2693 1532 2735 divitiae
1556 2708 1731 2735 earum-

142 2786 230 2828 que
261 2778 355 2816 tum
396 2773 679 2818 accessiones
717 2779 828 2820 tumr
851 2773 1112 2827 amissiones
1160 2772 1494 2830 contingerent,
1541 2785 1653 2827 quae
1695 2770 1736 2813 ei

143 2849 350 2896 adeunda
383 2858 534 2897 essent
565 2852 784 2912 pericula,
825 2852 902 2910 qui
942 2851 1195 2898 sustinendi
1233 2851 1435 2905 labores,
1481 2850 1734 2893 universam
