1927 3218
924 117 987 166 15

157 260 375 320 plurimos
407 257 465 302 ad
496 257 750 302 universam
788 257 1071 302 indicandam
1111 258 1199 301 vim
1240 257 1434 301 divinam
1473 247 1752 313 adhibeatur,

159 355 250 383 non
281 339 328 383 in
358 353 450 382 una
481 337 644 395 aliqua·
670 343 829 381 natura
861 336 1152 392 cumulatam,
1194 336 1274 380 sed
1306 337 1468 385 mentis
1500 337 1643 388 solum
1675 352 1752 381 co-

158 417 374 476 gitatione
415 417 807 475 comprehensam,
845 417 931 461 iam
972 422 1161 474 apparet
1199 416 1431 465 dissidium
1470 416 1587 459 inter
1625 417 1751 459 vocis

158 496 354 555 formam-
371 502 417 538 et
432 511 585 552 usum,
613 495 735 553 quod
757 511 847 538 non
870 494 1004 542 video
1036 511 1124 552 qua
1147 495 1318 538 ratione
1346 495 1571 538 conciliari
1594 496 1753 552 possit,

159 574 247 622 nisi
277 575 510 630 statueris,
542 575 686 632 primo
718 574 859 618 initio»
878 574 1043 618 nullam
1075 575 1192 618 inter
1223 589 1317 617 rem
1349 580 1395 616 et
1425 589 1583 617 vocem
1614 574 1752 617 fuisse

160 652 501 709 dissensionem,
534 668 721 710 eamque
754 658 973 709 naturam,
1005 668 1119 710 quae
1147 654 1358 708 δαίμονος
1388 652 1566 698 nomine
1599 651 1754 709 appel-

158 732 346 789 laretur,
377 733 511 776 talem
541 733 703 787 fuisse,
735 739 785 776 ut
816 732 927 776 haec
960 733 1201 790 appellatio
1233 733 1366 789 plane
1407 732 1447 775 ei
1479 731 1755 775 conveniret.

159 810 295 855 Unde
329 812 555 868 sequitur,
592 817 643 855 ut
682 812 935 860 universam
967 812 1056 854 vim
1089 811 1304 865 divinam,
1344 826 1476 866 quam
1509 826 1598 852 una
1630 809 1754 867 cogi-

160 891 329 934 tatione
363 896 629 951 conceptam
661 891 850 946 δαίμονα
889 907 914 933 a·
945 890 1237 947 scriptoribus
1280 890 1551 947 appellatam
1585 888 1756 931 inveni-

160 983 281 1023 mus,
318 974 435 1022 tum,
478 983 614 1024 quum
650 969 840 1026 primum
887 969 988 1011 hac'
1011 969 1309 1026 appellatione
1348 968 1673 1020 nominaretur,
1709 967 1755 1008 in

160 1063 249 1090 una
288 1047 420 1089 etiam
468 1053 626 1090 natura
665 1053 984 1106 congregatam
1025 1062 1124 1090 esse
1174 1047 1393 1090 creditum
1434 1047 1513 1100 sit,
1560 1045 1753 1101 ideoque

164 1125 333 1181 δαίμων
365 1126 524 1168 summi
555 1126 749 1175 numinis
782 1140 1037 1185 cognomen
1067 1126 1214 1169 fuerit.

280 1205 432 1262 Atque
465 1204 577 1248 haec
609 1205 799 1248 nominis
831 1207 899 1249 vis
940 1206 1003 1249 ita
1041 1206 1086 1248 in
1118 1204 1343 1248 mentibus
1383 1203 1665 1257 inhaerebat,
1705 1208 1756 1245 ut

159 1284 409 1341 posteriore
443 1283 574 1326 etiam
606 1289 825 1341 tempore,
859 1300 996 1341 quum
1027 1284 1114 1327 iam
1147 1283 1359 1326 infinitior
1391 1283 1465 1325 illa
1496 1282 1620 1325 notio
1652 1295 1756 1338 per-

162 1355 432 1416 crebuisset,
485 1368 530 1404 et
573 1361 829 1418 philosophi
875 1370 919 1405 et
964 1369 1149 1419 poetae,
1204 1364 1240 1405 si
1294 1361 1589 1419 significanda
1636 1367 1757 1403 esset

162 1454 333 1484 summa
371 1440 438 1483 vis
480 1439 629 1483 divina
669 1440 875 1484 omnibus
919 1440 1003 1485 diis
1044 1441 1269 1499 superior,
1308 1455 1422 1496 quae
1463 1439 1645 1497 propria
1676 1453 1758 1482 sua

161 1524 320 1561 natu-ra
360 1519 628 1561 consisteret
676 1525 721 1561 et
768 1520 956 1562 sentiret
1003 1526 1047 1562 et
1087 1525 1265 1578 ageret,
1322 1520 1532 1574 δαίμονος
1576 1518 1754 1560 nomine

163 1597 328 1655 optime
352 1597 437 1641 sibi
457 1597 718 1641 viderentur
739 1613 874 1655 posse
892 1605 1090 1642 mentem
1110 1613 1235 1642 suam
1258 1598 1444 1655 aperire.
1498 1596 1756 1641 Heraclitus

164 1675 280 1719 enim
328 1681 530 1719 naturam
579 1676 698 1719 illam
753 1676 946 1728 divinam
1000 1693 1073 1723 res
1122 1692 1278 1721 omnes
1319 1677 1662 1734 amplectentem
1711 1682 1758 1719 et

162 1761 490 1812 permeantem,
537 1756 663 1799 cuius
709 1756 1052 1814 participatione
1095 1763 1141 1800 et
1178 1756 1473 1814 inspiratione,
1502 1756 1644 1800 omnis
1675 1754 1757 1798 ho-

162 1834 328 1877 minum
385 1835 582 1893 cognitio
638 1842 771 1891 atque
838 1835 1134 1894 intelligentia
1193 1836 1461 1890 efficeretur,
1475 1834 1510 1892 ¹)
1556 1835 1756 1890 δαίμονα

162 1913 352 1957 vocavit.
369 1912 401 1971 2)
456 1913 750 1957 Parmenides
783 1920 931 1958 autem
954 1915 1042 1958 vim
1065 1915 1180 1958 illam
1207 1914 1399 1958 divinam
1428 1913 1620 1957 mediam
1641 1914 1758 1957 inter

260 2024 293 2069 1)
320 2032 322 2034 ’
336 2020 406 2067 „Ta
432 2021 601 2071 περιέχον
626 2022 719 2071 ἡμᾶς
743 2021 887 2070 λογικὸν
911 2035 948 2060 τε
966 2024 1028 2059 καὶ
1053 2026 1266 2073 φρενῆρες.“
1294 2023 1397 2061 Sext.
1411 2023 1552 2070 Empir.
1571 2023 1756 2069 V11‚127;

163 2084 271 2130 VIII,
292 2087 397 2136 2864
428 2085 487 2121 De
525 2085 703 2121 universo
747 2084 822 2121 hoc
857 2085 1041 2121 Heracliti
1080 2086 1236 2122 decreto
1276 2085 1352 2120 vid.
1380 2084 1483 2121 Sext.
1507 2084 1647 2130 Empir.
1671 2084 1757 2129 VII,

165 2147 232 2180 129
245 2165 289 2170 —
304 2147 391 2192 1343
421 2144 741 2182 Schleiermacher
754 2145 791 2181 in
806 2144 922 2183 Wolf.
938 2150 977 2183 et
988 2146 1203 2182 Buttmann.
1218 2135 1311 2182 Mus.
1328 2145 1502 2192 antiquit.
1522 2145 1551 2190 Ι,
1569 2156 1608 2192 p.
1623 2147 1757 2191 474sq.

134 2252 136 2254 ι
259 2207 293 2252 2)
337 2204 460 2254 »Ἀνήρ
485 2204 609 2250 νήπιος
640 2203 770 2254 ἤκουσε
793 2204 903 2254 πρὸς
937 2206 1151 2255 δαίμονος
1185 2205 1348 2254 ὅκωσπερ
1383 2210 1466 2246 παῖς
1500 2203 1587 2253 πρὸς
1621 2203 1759 2253 ἆδρός.“

163 2265 314 2314 Origen.
335 2266 425 2303 adv.
446 2266 543 2303 Cels.
564 2278 600 2314 p.
621 2269 702 2302 698.
756 2266 1121 2305 Schleiermacherus
1145 2268 1168 2304 l.
1188 2268 1211 2304 l.
1229 2279 1267 2315 p.
1287 2269 1368 2302 523.
1402 2265 1558 2315 δαίμονα
1581 2265 1760 2313 intelligit

163 2326 311 2365 fatum
336 2331 375 2365 et
400 2328 454 2365 sic
486 2328 622 2365 vertit:
666 2326 762 2372 „cin
801 2327 982 2376 tbsstidytet
1019 2327 1139 2365 ffllan'n
1180 2329 1362 2365 vetnimmt
1402 2327 1488 2373 nicht
1529 2327 1623 2372 mebt
1665 2335 1757 2364 bom

161 2387 386 2435 ῧῴίᾶῐαῑ,
415 2389 468 2425 affl
496 2388 548 2425 ein
576 2387 670 2425 §inb
698 2398 764 2425 nnn
794 2389 901 2427 tinem
927 2389 1100 2427 ξὶἷῐῖαιιιιε.Η
1153 2389 1232 2426 Sed
1257 2390 1338 2427 sine
1365 2389 1484 2426 dubio
1511 2389 1571 2425 vir
1586 2388 1757 2435 praecla-

160 2460 224 2487 rus
250 2449 403 2486 erravit.
455 2449 647 2487 Particula
673 2450 772 2487 enim
808 2448 897 2499 πρὸς
922 2462 1004 2488 cum
1030 2450 1202 2498 genitivo
1229 2450 1375 2497 iuncta,
1402 2461 1513 2497 quam
1538 2450 1600 2486 ille
1626 2450 1681 2486 sic
1704 2448 1758 2484 in-

159 2510 354 2548 tellexisse
380 2510 552 2558 videtur,
580 2511 688 2558 quasi
714 2522 784 2557 pro
811 2511 894 2561 περὶ
919 2512 1047 2559 posita
1073 2516 1193 2558 esset,
1219 2522 1408 2558 nunquam
1425 2510 1522 2548 hanc
1538 2510 1614 2547 vim
1630 2510 1757 2555 habet,

161 2571 232 2607 sed
258 2572 420 2608 notione
447 2575 507 2608 est
533 2582 616 2608 cum
642 2570 739 2619 παρὰ
766 2577 932 2619 cognata
958 2572 1221 2620 significatque
1238 2573 1380 2618 locum,
1407 2573 1508 2608 unde
1526 2571 1616 2617 quid
1633 2570 1762 2607 veniat

163 2630 397 2678 oriaturque.
451 2630 509 2668 Cf.
536 2631 655 2668 Math.
684 2631 746 2669 Gr.
776 2636 808 2676 ξ.
828 2636 910 2668 590.
959 2633 1057 2670 Loci
1080 2634 1268 2670 sententia
1293 2637 1353 2669 est
1368 2632 1482 2669 haec:
1508 2632 1560 2669 Ut
1581 2630 1759 2678 puerulus

159 2694 321 2738 propter
346 2692 492 2738 ingenii
516 2692 743 2738 imperitiam
768 2694 860 2731 nihil
884 2694 1062 2740 intelligit
1089 2694 1251 2731 docente
1268 2694 1352 2730 viro
1363 2722 1378 2738 ,,
1397 2694 1453 2729 ita
1468 2692 1637 2729 homines
1654 2690 1759 2727 stulti

158 2750 412 2799 daemonis,
451 2752 488 2790 h.
515 2764 548 2791 e.
576 2758 735 2792 naturae
769 2754 867 2791 illius
899 2754 1146 2802 intelligentis
1178 2754 1305 2792 omnia
1322 2747 1553 2801 complexae,
1581 2752 1685 2789 dieta
1710 2761 1755 2787 ac

157 2817 365 2861 praecepta
378 2838 388 2855 ,
417 2825 517 2860 quae
543 2816 581 2851 in
608 2826 739 2853 eorum
765 2816 910 2853 animos
936 2816 1112 2863 quasise
1133 2814 1358 2862 infundunt,
1382 2827 1457 2852 non
1480 2813 1694 2860 intelligunt
1718 2816 1757 2849 et

158 2883 206 2911 ne
234 2874 543 2911 animadvertunt
569 2876 720 2922 quidem
771 2874 826 2913 Cf.
847 2865 951 2913 Sext.
969 2877 1076 2923 Emp.
1096 2876 1181 2923 VlI,
1203 2877 1282 2913 132.
