1927 3218
904 92 1007 177 ac

132 269 369 314 Furiarum
413 268 545 312 etiam
586 284 772 313 munera
805 269 1016 313 cohibere
1049 268 1305 327 vidimus,¹)
1344 270 1405 313 ita
1443 270 1529 314 illis
1566 269 1740 326 δαίμων

133 346 327 406 ἄλᾶςτωρ
348 347 541 405 primum
564 348 812 406 generatim
835 362 1000 391 numen
1024 347 1221 391 divinum
1245 348 1483 407 significat,
1517 364 1570 392 ea
1590 354 1733 408 parte,

135 433 358 484 quatenus
399 427 620 471 scelerum
659 426 1021 470 ulciscendorum
1064 443 1272 485 suprema
1319 433 1544 485 potestate
1578 429 1729 471 utitur.

132 506 343 562 Namque
375 511 549 549 tantum
583 505 735 560 abest,
767 511 817 547 ut
848 520 1074 562 quoquam
1108 505 1295 549 deorum
1338 506 1522 550 inferior
1563 507 1643 561 sit,
1682 513 1733 550 ut

131 585 203 627 vel
235 585 335 641 ipso
366 584 514 626 Marte
548 583 860 626 mandatorum
884 598 1067 627 suorum
1101 585 1227 641 quasi
1258 585 1460 628 ministro
1493 586 1557 627 uti
1581 586 1731 628 videa-

131 670 216 706 tur.
231 661 265 718 ²)
337 662 489 705 Facile
529 661 709 718 quidem
748 662 897 719 potuit
935 662 1053 717 fieri,
1094 669 1163 717 ut,
1203 663 1241 706 si
1273 678 1399 706 mens
1439 663 1495 706 de
1534 663 1732 706 vindicta

132 895 168 931 p.
189 886 279 931 3393
305 881 454 920 Fabric.
473 881 573 919 Bibl.
593 882 659 920 Gr.
678 883 727 929 ΙΙ,
746 894 784 931 p.
804 884 853 930 4),
880 886 1005 920 tamen
1032 894 1130 931 quae
1157 884 1260 931 apud
1288 883 1496 922 Stobaeum
1517 884 1602 921 -eius
1628 884 1731 922 dicta

133 949 171 981 et
195 947 403 991 praecepta
428 944 624 990 leguntur,
651 943 769 979 multo
797 954 881 980 esse
907 942 1101 991 Aeschylo
1129 945 1357 992 posteriora,
1391 949 1430 981 et
1462 945 1658 982 sententiis
1691 949 1730 982 et

135 1004 262 1042 verbis
288 1008 395 1041 certo
423 1004 618 1041 evincitur.
681 1004 814 1051 Neque
841 1005 939 1041 enim
966 1004 1088 1041 solum
1114 1005 1220 1051 inde,
1247 1006 1354 1053 quod
1380 1006 1540 1042 mundus
1559 1006 1727 1052 appella-

131 1070 193 1103 tur
216 1063 368 1113 κόσμος,
396 1064 460 1111 qui
478 1064 585 1101 vocis
602 1075 693 1102 usus
712 1065 761 1102 ad
779 1065 1041 1113 Pythagoram
1059 1064 1222 1103 refertur
1240 1068 1446 1112 auctorem,
1465 1066 1577 1111 (Plut.
1596 1065 1727 1103 Placit.

131 1126 275 1163 Philos.
294 1127 344 1171 ΙΙ,
366 1129 404 1172 13
424 1125 558 1162 Galen.
578 1125 674 1171 Hist.
694 1125 833 1172 philos.
853 1138 891 1172 p.
911 1128 1001 1173 4293
1021 1125 1069 1163 cf.
1090 1127 1264 1174 Bentley.
1286 1137 1419 1173 opusc.
1439 1126 1572 1173 philol.
1591 1139 1627 1173 p.
1644 1129 1729 1172 347)

100 1222 105 1227 ,
132 1190 172 1223 et
198 1186 304 1233 quod
329 1185 561 1232 tragoediae·
581 1185 618 1220 in
645 1185 758 1221 rebus
785 1186 835 1222 ad
861 1186 1019 1223 deorum
1050 1188 1191 1223 cultum
1222 1186 1498 1232 pertinentibus
1523 1197 1729 1224 memoran-

131 1251 213 1294 tur,
239 1250 330 1294 post
360 1246 608 1294 Pythagorae
640 1249 804 1284 aetatem
837 1247 902 1284 illa
934 1248 1147 1295 composita
1179 1258 1262 1284 esse
1294 1247 1530 1294 intelligitur,
1563 1268 1608 1275 —
1641 1248 1729 1285 vide

131 1308 303 1354 Bentley.
322 1302 443 1353 Epist.
459 1306 610 1343 Phalar.
629 1302 653 1342 l.
671 1307 693 1342 l.
713 1307 851 1343 Fabric
881 1307 976 1344 Bibl.
997 1308 1060 1345 Gr.
1079 1309 1128 1354 ΙΙ,
1155 1320 1193 1354 p.
1215 1312 1231 1341 1
1252 1319 1308 1354 sq.
1327 1308 1468 1354 quique
1493 1307 1546 1343 ibi
1564 1307 1728 1344 {laudan-

132 1369 428 1416 turscriptores
448 1380 513 1415 —3
540 1367 609 1405 sed
634 1367 747 1405 etiam
773 1368 951 1406 universa
976 1370 1246 1408 sententiarum
1272 1372 1312 1405 et
1342 1368 1545 1405 verborum
1577 1370 1728 1415 compa-

133 1430 232 1466 ratio
259 1440 416 1476 prorsus
442 1428 532 1465 mihi
557 1429 782 1475 persuadet,
808 1441 885 1466 non
911 1429 1025 1467 scribi
1050 1434 1089 1467 et
1115 1430 1190 1467 dici
1215 1430 1269 1465 ita
1287 1429 1459 1475 potuisse
1477 1432 1564 1465 ante
1582 1428 1728 1466 Aristo-

131 1491 268 1527 telicae
294 1490 453 1527 rationis
480 1489 748 1536 cognitionem.
800 1480 843 1526 In
870 1501 945 1537 qua
970 1501 1010 1527 re
1037 1491 1130 1527 satis
1156 1501 1240 1527 esse
1266 1493 1360 1537 puto
1386 1500 1559 1537 monere,
1585 1493 1729 1536 tantam

131 1552 168 1588 in
194 1552 260 1588 illo
287 1551 391 1598 apud
418 1549 629 1587 Stobaeu'm
655 1551 742 1587 loco
780 1550 855 1587 vim
890 1553 972 1598 ,,τῇ
1016 1549 1281 1600 προαιρέσει
1326 1552 1398 1585 τῶν
1430 1550 1552 1586 καλῶν
1586 1549 1729 1600 ἔργων“

132 1612 266 1658 tribui,
295 1615 438 1659 quanta
464 1615 553 1648 ante
580 1611 752 1647 eximiam
779 1611 999 1649 Aristotelis
1018 1612 1066 1648 de
1085 1613 1275 1649 actionum
1293 1611 1536 1648 humanarum
1554 1611 1728 1648 libertate

133 1673 451 1720 disputationem,
478 1672 598 1709 Ethic.
618 1672 698 1709 Nic.
717 1672 785 1718 ΙΙΙ,
808 1676 837 1706 1.
863 1684 920 1719 sq,
952 1673 990 1709 in
1022 1673 1150 1720 primis
1176 1673 1244 1709 111.
1272 1675 1292 1707 2
1317 1676 1356 1708 et
1379 1674 1412 1713 3,
1445 1683 1522 1708 non
1555 1672 1730 1709 videatur
1760 1715 1762 1717 ¹

127 1735 167 1783 ⁴ei
209 1733 326 1770 tribui
365 1733 548 1779 potuisse.
612 1733 809 1769 Veteres
848 1733 964 1769 enim
997 1733 1165 1770 Graeci
1197 1744 1287 1769 non
1320 1737 1408 1769 tam
1441 1732 1485 1768 in
1525 1731 1729 1769 actionis

132 1794 357 1840 consilio,
385 1804 517 1841 quam
542 1794 585 1829 in
611 1793 715 1839 ipsa
741 1794 929 1831 actione
956 1794 1149 1830 virtutis
1175 1797 1220 1830 et
1247 1793 1351 1829 vitii
1369 1792 1729 1839 vim'ponebant.¹

131 1855 228 1892 Hinc
255 1859 381 1891 autem
407 1853 648 1901 intelligitur,
675 1854 741 1890 illo
768 1855 855 1891 loco
882 1865 958 1890 non
986 1854 1254 1900 demonstrari,
1280 1854 1354 1890 iam
1381 1853 1532 1890 Zaleuci
1557 1857 1728 1901 tempore

132 1916 324 1964 publicam
350 1920 389 1953 et
415 1926 648 1961 communem
674 1913 790 1953 fuisse
816 1916 915 1952 inter
940 1916 1110 1953 Graecos
1127 1916 1185 1958 ,de
1203 1915 1452 1952 daemonibus
1470 1926 1494 1951 a
1512 1915 1584 1952 diis
1602 1915 1726 1952 diver-

132 1978 184 2014 sis
211 1978 448 2024 opinionem3
481 1977 521 2012 id
554 1976 660 2023 quod
693 1977 816 2012 voluit
848 1976 1028 2022 Creuzer,
1063 1976 1232 2023 Symbol.
1256 1977 1325 2022 III,
1350 1988 1387 2022 p.
1416 1976 1497 2021 737,
1526 1975 1585 2012 ed.
1606 1978 1643 2010 ·3.
1679 1974 1727 2012 cf.

132 2038 345 2085 Goettling.
372 2038 423 2074 ad
446 2036 603 2074 Hesiod.
630 2036 698 2083 Op.
737 2038 818 2073 122.
887 2037 946 2074 De
988 2037 1151 2074 Zaleuco
1196 2037 1234 2073 iu
1276 2037 1492 2074 universum
1534 2035 1623 2072 vide
1665 2036 1727 2072 Ti-

131 2110 277 2136 maeum
304 2098 407 2145 apud
435 2097 755 2143 Strab.V1‚260,
783 2098 1029 2134 Aristotelem
1055 2098 1159 2144 apud
1186 2097 1312 2134 Scho'.
1331 2095 1439 2133 Pind.
1457 2097 1524 2142 XI,
1547 2100 1588 2130 17
1617 2100 1656 2133 et
1683 2100 1726 2131 83

132 2161 235 2207 vulg.
254 2160 332 2196 Cic.
351 2161 443 2206 Leg
462 2160 510 2204 II,
529 2162 571 2205 6,
588 2158 834 2209 Demosthen.
854 2159 942 2195 adv.
962 2158 1125 2195 Timocr.
1146 2170 1181 2204 p.
1200 2160 1290 2204 4963
1311 2157 1415 2194 Suid.
1434 2169 1463 2193 s.
1482 2168 1517 2193 v.
1538 2155 1727 2197 Ζάλευκος.

131 2221 265 2267 Heyne
292 2219 430 2266 Opusc.
449 2218 569 2255 Acad.
589 2219 637 2265 11,
656 2229 694 2265 p.
716 2221 782 2266 623
808 2218 956 2255 Fabric.
975 2218 1071 2255 Bibl.
1091 2219 1154 2256 Gr.
1173 2219 1222 2264 ΙΙ,
1240 2230 1276 2265 p.
1299 2223 1313 2252 1
1335 2230 1390 2265 sq.

233 2283 268 2326 1)
312 2280 383 2317 Od.
403 2281 452 2326 ΙΙ,
474 2282 556 2317 134.
576 2278 622 2317 cf.
641 2288 757 2327 supra
783 2291 819 2327 p.
838 2281 895 2316 21.

236 2343 272 2387 9)
311 2342 525 2388 Postquam
540 2340 842 2389 Clytaemnestra
855 2340 1151 2388 Agamemnonis
1178 2341 1333 2378 caedem
1367 2340 1417 2376 ad
1451 2337 1632 2388 α’λάσωρα
1665 2344 1729 2376 au-

141 2406 287 2439 ctorem
312 2403 460 2448 retulit,
486 2413 563 2439 non
591 2402 818 2440 dissentiens
844 2402 982 2438 chorus
1008 2402 1062 2438 sic
1087 2402 1275 2448 loquitur:

423 2460 638 2508 „Harpdew
662 2460 703 2498 δὲ
729 2460 934 2509 συλλήπτωρ
959 2460 1093 2509 γένοιτ’
1121 2459 1167 2497 ἄν
1193 2459 1375 2509 ἀλάστωρ·

427 2522 582 2569 βιάζεται
607 2522 647 2559 δ’
674 2522 893 2572 ὁμοσπόρόις

424 2581 649 2632 ἐπιῤῥοαῒσιν
674 2582 837 2631 αἱμάτων

422 2644 535 2693 μέλας
553 2643 671 2693 ΙἏρης·
698 2643 780 2680 ὅποι
806 2642 847 2679 δὲ
870 2644 932 2679 καὶ
956 2643 1163 2690 προβαίνων

422 2704 548 2754 πάχνᾳ
570 2704 781 2753 κουροβόρῳ
807 2702 990 2752 nuptam

132 2767 271 2805 Aesch.
282 2768 417 2814 Agam.
430 2767 535 2803 1475.
545 2766 662 2803 Cuius
672 2766 747 2803 loci
758 2767 947 2803 sententia
958 2769 1017 2802 est
1027 2765 1140 2802 haec.
1152 2765 1251 2802 Fieri
1261 2768 1410 2811 potest,
1427 2768 1469 2800 ut
1488 2732 1646 2811 propter
1660 2774 1732 2811 pa-

132 2828 202 2865 tris
212 2828 321 2868 Atrei
332 2828 456 2864 scelus
467 2839 603 2864 numen
616 2827 801 2872 divinum,
819 2826 924 2873 quod
936 2836 1123 2873 nunquem
1136 2825 1290 2862 ultionis
1313 2824 1561 2871 obliviscitur,
1578 2824 1655 2861 tibi
1665 2823 1732 2860 'ad-

134 2889 291 2936 stiteritg
307 2888 427 2925 saevit
439 2888 536 2924 enim
547 2889 646 2924 Mars
658 2891 781 2933 atrox,
795 2887 888 2923 --‘in
901 2898 948 2923 eo
961 2887 1078 2934 igitur
1087 2884 1281 2934 ἀλάστορος
1292 2886 1349 2923 vis
1361 2887 1523 2932 apparet
1535 2905 1578 2912 —
1589 2894 1732 2931 cogna-
