1927 3218
899 99 966 149 27

125 227 399 303 ’δαίμυνος
427 242 657 292 voluntate
700 242 811 286 dixit
848 236 1094 300 repositum
1135 252 1256 298 esse,
1294 242 1413 286 idem
1442 243 1576 301 paulo
1620 248 1727 302 post

132 308 169 372 'a
200 327 283 371 diis
312 321 550 380 implorare
581 321 720 366 iubet.
734 321 778 380 1)·

210 431 213 435 -
257 400 435 446 Deinde
476 407 631 452 autem,
664 401 783 445 hunc
824 401 1048 458 ordinem,
1086 408 1138 445 ut
1166 401 1418 445 institutum
1458 416 1558 445 esse
1590 419 1617 446 a
1646 418 1729 446 nu-

139 484 256 529 mine
289 479 440 524 divino
461 480 786 540 intelligebant,
818 481 880 524 ita
911 478 981 524 ab·
1000 494 1054 524 eo
1077 481 1333 524 sentiebant
1353 482 1621 533 conservari.
1674 481 1728 524 In

139 576 227 618 qua
257 574 305 603 re
337 559 423 603 hoc
454 560 644 603 maxime
678 559 735 603 ad
765 559 967 603 homines
999 560 1254 618 pertinebat
1293 566 1339 603 et
1369 566 1589 618 perpetua
1620 575 1729 617 qua-

139 639 240 683 dam
261 639 478 697 religione
501 654 554 682 ac
586 640 707 682 metu
741 654 819 682 eos
851 634 1118 696 occupabat,
1152 639 1288 695 quod,
1320 640 1577 696 quicunque
1609 639 1729 682 ordi-

137 734 241 762 nem
282 718 404 761 illum
445 718 679 773 violasset,
720 733 821 766 eum
860 716 1105 761 inevitabili
1136 718 1359 776 supplicio
1399 718 1642 761 coercitum
1674 717 1728 761 iri

138 796 352 840 sciebant.
406 798 558 854 Atque
592 796 706 839 hanc
727 797 984 840 iniuriarum
1006 797 1221 840 ultionem
1247 813 1513 854 quamquam
1536 797 1729 859 plerum-

138 891 225 932 que
264 876 320 919 ad
352 875 481 922 Jovis
522 876 831 919 auctoritatem
872 873 1190 933 referebant,⁹)
1230 882 1379 919 tamen
1419 891 1555 933 saepe
1595 875 1725 937 etiam

136 954 182 997 in
216 971 269 997 ea
299 954 388 997 vim
421 954 616 999 universi
656 955 889 999 cuiusdam
927 970 979 998 ac
1012 956 1171 999 summi
1204 955 1397 999 numinis
1438 954 1729 1012 suspicaban-

137 1039 236 1088 tur,
276 1032 398 1090 quod
431 1039 554 1076 certo
588 1049 766 1092 semper
794 1033 981 1077 consilio
1015 1040 1061 1076 et
1092 1048 1307 1077 successu
1332 1034 1536 1079 ¹cuiusvis
1567 1034 1729 1076 iniuste

136 1111 243 1154 facti
273 1127 443 1169 poenas
466 1119 814 1171 persequeretur
846 1118 891 1156 et
921 1112 1035 1173 legis
1068 1128 1174 1158 suae
1209 1113 1491 1157 sanctitatem
1521 1127 1628 1163 suae
1660 1113 1728 1155 iu-

139 1190 283 1239 stitiae
324 1180 637 1248 aequabilitate
677 1198 891 1236 tueretur.
968 1190 1109 1236 Cuius
1155 1193 1348 1241 numinis
1393 1199 1553 1236 natura
1592 1208 1728 1248 quum

139 1269 327 1313 maxime
358 1270 404 1313 in
437 1271 673 1315 tribuendis
704 1269 935 1329 suppliciis
968 1287 1015 1314 se
1048 1271 1337 1325 ostenderet,-
1363 1271 1522 1314 iterum
1562 1270 1729 1328 optime

104 1370 108 1374 ⁴
138 1348 348 1403 δαίμονος
386 1349 685 1406 appellatione
728 1349 1071 1407 exprimebatur.
1134 1349 1180 1392 Is
1204 1348 1358 1407 'igitur
1388 1349 1548 1392 videns
1581 1349 1730 1392 omnia

140 1432 186 1469 et
216 1426 402 1490 audiens
437 1423 482 1470 et
515 1443 674 1472 curans
706 1444 787 1487 pro
823 1428 990 1472 ordinis
1031 1427 1165 1473 divini
1200 1427 1540 1472 conservatione
1560 1427 1731 1488 >vigilat

140 1505 325 1562 eiusque
358 1520 542 1550 severus
575 1521 755 1565 semper
786 1496 936 1551 existit
966 1506 1153 1560 vindex3
1195 1507 1232 1549 is
1266 1507 1468 1563 quemvis
1508 1506 1603 1550 eius
1634 1506 1730 1549 vio-

137 1585 323 1628 latorem
349 1585 501 1654 ubivis
522 1587 735 1629 latentem
759 1588 850 1629 acri
881 1593 1030 1630 mente
1055 1586 1314 1643 speculatur
1347 1594 1393 1629 et
1424 1602 1585 1644 graves
1608 1601 1730 1629 com-

137 1663 262 1711 missi
292 1679 462 1721 poenas
503 1665 695 1723 expetit3
708 1664 743 1724 ³)
793 1664 846 1709 ab
888 1681 941 1708 eo
981 1665 1236 1708 iniuriarum
1271 1663 1535 1719 vindictam,
1576 1670 1622 1709 et
1653 1664 1729 1723 qui

137 1744 343 1800 perpessi
376 1758 451 1786 eas
485 1750 589 1786 sunt
623 1750 668 1787 et
700 1745 775 1800 qui
807 1722 1071 1802 intulerant,
1111 1743 1461 1800 exspectandam
1494 1758 1593 1786 esse
1628 1758 1730 1786 sen-

137 1821 265 1864 tiunt.
321 1820 473 1875 Quare
508 1821 712 1880 Oedipus
745 1823 789 1865 in
823 1823 949 1880 gravi
982 1822 1244 1866 calamitatis
1266 1836 1384 1864 ‘suae
1409 1821 1563 1865 dolore
1596 1822 1641 1864 in
1675 1836 1729 1865 eo

236 2061 268 2105 1)
312 2058 505 2108 Theognis
531 2060 585 2098 sic
610 2060 794 2108 loquitur,
821 2071 918 2098 vers.
941 2062 1029 2097 165:

351 2119 497 2165 „Oddslg
521 2120 730 2169 ἀνθρώπων
754 2120 837 2157 ουδ’
863 2120 978 2167 ὄλβιος
1002 2121 1083 2157 οὔτε
1107 2120 1288 2167 πενιχρός,

426 2180 512 2219 Οὔτε
532 2180 641 2224 κακὸς
664 2180 834 2230 νόσφιν
858 2180 1072 2230 δαίμονος
1096 2179 1173 2217 οὔτ’
1200 2179 1366 2227 ἀγαθός.ί
1358 2184 1378 2200 “

135 2248 174 2282 et
199 2248 363 2292 quatuor
389 2244 563 2281 versibus
588 2243 814 2288 interiectis,
845 2246 932 2278 171:

349 2307 475 2348 »Θεοῖς
499 2301 618 2350 εὔχου,
645 2305 785 2347 θερῒσιν
809 2300 967 2350 γὰρ’ἔπι
981 2300 1128 2350 κράτος·
1153 2300 1252 2338 οὗτοι
1269 2300 1373 2348 ἄτερ
1391 2304 1506 2337 θεῶν

423 2364 561 2401 Γίνεται
585 2358 798 2412 ἀνθρώποις,
819 2361 897 2399 οὔτ’
923 2361 1042 2410 ἆγαθ’
1068 2362 1150 2400 οὔτε
1173 2361 1302 2400 ’‘muni“

155 2416 157 2418 Ι
230 2428 266 2472 2)
308 2425 468 2474 ,,Μίμνει
494 2423 534 2461 δὲ
557 2422 754 2474 μίμνοντος
772 2422 812 2460 ἐν
838 2423 961 2472 θρόνῳ
988 2422 1091 2466 Διὸς

312 2490 450 2522 nuos&
474 2484 534 2521 τὸν
560 2485 724 2535 ἔρξαντα·
751 2483 908 2533 θέσμιον
934 2484 1042 2532 γάρ.“

132 2547 270 2585 Aesch.
288 2546 425 2594 Agam.
448 2549 551 2582 1530.
572 2545 618 2584 ef.
639 2548 743 2583 1453.
1265 2577 1267 2581 .

229 2609 276 2652 3)’
308 2607 376 2644 His
402 2606 481 2644 fere
508 2608 724 2645 muneribus
750 2607 885 2644 Critias
911 2609 1074 2644 exornat
1106 2604 1299 2653 δαίμονα
1325 2617 1427 2651 eum,
1465 2615 1574 2652 quem
1601 2604 1650 2641 ad
1675 2604 1727 2645 le-

131 2677 221 2715 gum
246 2666 483 2714 publicarum
507 2666 727 2705 firmandam
752 2668 1021 2705 auctoritatem
1048 2678 1069 2703 a
1096 2666 1316 2713 legislatore
1342 2666 1532 2702 inventum
1559 2674 1645 2701 esse
1663 2664 1727 2700 ait.

133 2728 239 2765 Sext.
257 2729 365 2774 Emp.
384 2729 450 2774 IX,
477 2732 534 2774 54,
561 2739 658 2765 vers
682 2731 724 2765 16
751 2740 814 2775 sq3
857 2732 897 2765 et
934 2728 1067 2765 eadem
1101 2727 1149 2764 ab
1184 2727 1268 2764 aliis
1303 2725 1551 2773 script-oribus
1584 2725 1617 2760 ei
1663 2724 1727 2762 tri·

129 2788 306 2826 buuntur.
365 2786 421 2825 Cf
446 2788 583 2870 Aeseh.
610 2789 717 2839 Sept.
741 2792 811 2825 929
830 2801 888 2840 sq.
923 2789 1082 2840 Aagam
1105 2789 1196 2827 1436
1215 2799 1270 2836 sq.
1299 2788 1404 2824 1632.
1433 2785 1548 2836 Soph.
1567 2784 1659 2823 Ocd.
1679 2784 1723 2827 C.

133 2851 248 2898 137ος
275 2849 322 2886 al
