1927 3218
924 129 991 176 42

97 321 100 324 Α
148 267 278 311 Haec
311 269 428 312 enim
460 270 602 328 magis
636 268 906 312 cernebatur
936 268 1139 324 in·Jove,
1162 269 1289 312 cuius
1321 269 1432 312 ratio
1462 269 1656 313 omnium
1683 284 1753 313 re-

149 363 247 390 rum
280 363 454 391 summa
484 349 557 391 lex
590 363 689 392 esse
722 348 985 405 putabatur3
1019 349 1120 404 qni,
1152 348 1354 391 terminis
1371 349 1469 392 istis
1492 364 1545 392 ac
1566 348 1753 404 finibus,

152 425 318 483 quibus
351 443 377 470 a
395 426 740 485 theogoniarum
774 432 820 470 et
874 426 1265 486 cosmogoniarum
1307 426 1616 474 conditoribus
1655 442 1753 471 sae-

150 514 255 562 ptus
289 511 406 561 erat,
439 505 686 564 neglectis,
719 520 766 548 re
800 520 908 548 vera
940 520 1138 548 summus
1172 511 1217 547 et
1248 506 1478 563 perfectus
1501 512 1597 549 erat
1626 506 1750 549 deus.

240 584 346 629 Jam
377 585 537 644 igitur,
570 585 782 642 quoniam
814 585 1024 629 universa
1053 586 1264 642 δαίμονος
1301 591 1506 643 potestas
1547 586 1748 645 singulo-

149 680 247 709 rum
286 663 474 709 deorum
522 663 748 708 mentibus
784 679 842 708 >ac
888 663 1136 708 rationibus
1185 663 1242 708 ad
1281 670 1429 707 certos
1468 663 1581 707 fines
1622 664 1753 724 dirigi

148 742 410 798 videbatur,
442 743 634 801 primum
667 743 712 786 hi
744 743 854 801 ipsi,
893 743 1011 786 illius
1051 758 1239 786 munera
1276 743 1322 786 in
1363 758 1411 786 se
1461 743 1588 799 quasi
1637 744 1752 786 reci-

150 823 328 880 pientes
363 838 508 880 eaque
543 828 867 879 exsequentes,
897 823 1105 878 δαίμονες
1147 829 1275 866 erant
1307 828 1352 865 et
1372 821 1751 880 Jupiteriiatuwv

147 902 344 958 μέγιστῡς
373 901 445 947 καὶ
473 899 779 960 πανδαμάτωρ.
844 899 997 956 Quum
1028 916 1144 944 vero>
1165 916 1226 944 ex
1258 901 1345 945 alia
1365 901 1552 956 ratione,
1585 900 1641 944 de
1664 916 1753 959 qua

152 976 317 1023 deinde
351 987 532 1038 agetur,
565 982 775 1036 δαίμονος
806 981 874 1023 vis
908 995 960 1023 ac
989 986 1195 1037 ,potestas
1226 981 1346 1023 inter
1381 981 1535 1037 plures
1565 986 1750 1023 naturas

148 1058 322 1104 divinas
386 1076 412 1104 a
465 1058 550 1104 diis
606 1058 807 1103 diversas
851 1058 1089 1103 distributa
1148 1065 1292 1114 esset,
1347 1058 1423 1116 qui
1478 1058 1564 1117 ipsi
1618 1058 1750 1102 etiam

146 1140 360 1195 δαίμονες
393 1138 760 1197 appellabantur,
793 1138 837 1182 hi
869 1138 953 1182 'sub
988 1138 1175 1182 deorum
1207 1138 1442 1196 imper-ium
1484 1138 1674 1182 subiecti
1708 1144 1754 1181 et

149 1234 304 1262 eorum
343 1218 587 1262 voluntatis
628 1218 815 1261 ministri
859 1233 911 1262 ac
951 1218 1231 1275 perfectores
1274 1223 1413 1260 erant.
1492 1218 1643 1274 Atque
1691 1218 1753 1261 ita

149 1298 236 1341 iam
269 1313 341 1341 res
375 1313 428 1340 eo
462 1296 682 1352 redierat,
716 1297 835 1340 unde
871 1303 967 1340 erat
998 1311 1172 1341 exorsa.
1239 1295 1447 1353 Namque
1482 1311 1619 1352 quum
1656 1297 1748 1354 pri-

152 1393 224 1421 mo
257 1376 384 1420 initio
416 1377 586 1433 δαίμων
620 1376 780 1419 summi
813 1376 885 1420 dei
917 1376 1079 1420 fuisset
1110 1390 1388 1434 cognomen,
1433 1380 1478 1417 et
1517 1374 1751 1418 universae
1811 1370 1814 1372 ’

152 1457 249 1500 eius
282 1456 522 1513 potestatis
560 1471 694 1499 unam
735 1455 926 1511 aliquam
967 1461 1141 1511 partem
1184 1448 1482 1511 expressisset
1518 1454 1751 1496 voluntate

155 1535 250 1579 eius
283 1550 336 1578 ac
370 1534 557 1578 consilio
592 1533 829 1587 directam3
873 1540 981 1577 tunc
1020 1533 1181 1577 iterum
1213 1533 1441 1589 δαίμιννες,
1466 1548 1492 1575 a
1531 1531 1615 1575 diis
1654 1532 1750 1589 qui-

151 1613 255 1657 dem
289 1614 481 1657 seiuncti
515 1619 560 1656 et
593 1613 780 1667 diversi,
833 1619 880 1655 at
917 1612 1000 1656 sub
1040 1612 1316 1655 voluntatem
1361 1626 1514 1654 eorum
1547 1610 1753 1666 subiecti,

151 1707 306 1737 eorum
337 1693 462 1736 iussa
493 1708 546 1736 ac
578 1692 790 1736 mandata
823 1690 1201 1749 perficiebant.——
1233 1690 1385 1746 Atque
1426 1689 1482 1733 de
1521 1689 1608 1733 hoc
1649 1688 1754 1733 dae-

149 1758 333 1816 monum
355 1786 534 1832 'genere
566 1771 612 1815 in
647 1759 791 1815 altera‘
817 1775 998 1814 nostrae
1034 1768 1350 1829 disputationis
1387 1773 1514 1827 parte
1553 1782 1752 1827 agemus·
