1927 3218
936 113 966 163 Q

157 272 288 322 'quam
335 261 393 305 ad
437 275 585 303 rerum
634 258 938 317 cognitionem
986 256 1187 300 adhiberi
1234 258 1279 300 in
1328 257 1514 301 Philebo
1538 257 1573 315 ¹)
1620 257 1746 310 iubet

158 343 300 396 Plato,
332 346 383 382 ut
402 355 493 381 non
516 339 659 381 solum
680 337 884 395 singulae
916 337 1041 379 vocis
1063 337 1248 379 alicuius
1271 337 1634 394 significationes,
1664 337 1746 380 sed

159 421 277 465 notio
312 418 443 461 etiam
475 433 646 461 summa
678 420 993 475 cognoscatur,
1027 431 1081 459 ex
1114 431 1202 472 qua
1229 415 1348 472 illae,
1379 421 1429 459 ut
1451 431 1505 459 ex
1526 421 1622 459 toto
1644 431 1745 473 par-

157 505 239 552 tes,
272 496 560 539 effloruerint.
1290 546 1293 547 ⁷

277 574 427 629 Quare
468 582 519 617 ut
557 575 810 617 universam
840 573 1057 628 δαίμονος
1082 573 1452 630 significationem
1484 588 1747 628 assequere-

158 669 268 709 mur,
301 654 486 710 eiusque
519 653 647 710 quasi
678 651 948 694 mutationes
980 666 1032 693 ac
1064 652 1406 710 progressiones
1445 666 1746 707 cerneremus,

158 732 287 777 altius
320 732 615 791 repetendum
647 731 841 788 indeque
875 730 930 774 ab
963 731 1270 788 antiquissimo
1294 730 1572 775 Graecorum
1605 731 1745 789 scrip-

156 819 274 868 tore,
316 812 540 866 Homero,
582 826 724 867 usq-ue
766 802 823 854 ad
861 811 1160 857 recentiorum
1202 810 1378 854 scholas
1410 811 1743 875 Platonicorum

158 893 281 935 vocis
320 906 449 933 usum
487 890 793 948 indagandum
833 905 932 933 esse
980 891 1256 947 putavimus3
1306 891 1516 933 commoti
1554 890 1743 933 maxime
1810 930 1813 932 .

155 970 211 1013 ad
241 970 356 1012 hanc
389 969 697 1025 quaestionem
729 968 1046 1012 instituendam
1081 984 1150 1024 eo,
1183 968 1305 1025 quod
1337 970 1431 1011 eius
1465 968 1745 1013 diiudicatio-

153 1063 252 1091 nem
288 1048 343 1091 ad
375 1048 632 1090 universum
655 1046 858 1091 Graecae
891 1048 1120 1106 religionis
1151 1048 1380 1106 ingenium
1403 1054 1449 1090 et
1468 1048 1743 1091 voluntatem

152 1127 509 1184 perspiciendam
556 1127 734 1170 maximi
781 1127 995 1170 momenti
1042 1142 1141 1170 esse
1191 1142 1214 1169 e
1253 1127 1403 1170 multis
1442 1127 1575 1171 rebus
1613 1128 1743 1171 intel-

152 1206 315 1249 lexisse
355 1206 484 1250 nobis
525 1207 608 1250 visi
648 1221 813 1251 sumus.
877 1207 1029 1262 Atque
1068 1206 1258 1263 primum
1300 1206 1479 1263 quidem
1514 1206 1569 1250 de
1601 1207 1742 1265 ipsius

152 1286 276 1328 vocis
309 1285 479 1344 origine
514 1291 559 1328 et
590 1286 771 1328 notione
806 1285 1045 1329 dicendum
1077 1285 1267 1328 videtur.

909 1541 981 1601 Π.

273 1679 401 1734 Quae
443 1681 488 1723 in
527 1681 626 1737 ipso
667 1681 876 1735 δαίμονος
914 1681 1091 1723 nomine
1133 1681 1302 1723 inesset
1334 1681 1623 1739 significatio,
1654 1682 1740 1724 iam

149 1758 234 1815 ipsi
266 1765 443 1802 veteres
478 1759 799 1802 dissenserunt.
849 1758 978 1802 Plato
1014 1759 1129 1801 enim
1163 1760 1333 1816 primus
1346 1758 1397 1817 ²),
1430 1760 1553 1816 quod
1586 1761 1740 1816 sciam,

149 1835 362 1894 δαίμονάς
382 1839 701 1896 interpretatus
722 1836 949 1899 δαήμονας
977 1838 1053 1882 καὶ·
1070 1840 1323 1897 φρονίμους,
1359 1855 1384 1881 a
1407 1839 1543 1882 verbo
1566 1840 1739 1900 δαῆναι,

149 1917 190 1960 h.
227 1933 264 1961 e.
300 1917 462 1962 docere
497 1924 541 1961 et
574 1917 762 1974 discere,
794 1918 918 1961 vocis
951 1918 1168 1977 originem
1202 1917 1383 1976 duxit.³)
1433 1917 1561 1973 Quae
1586 1935 1739 1977 quam-

150 2013 281 2054 quam
317 2014 343 2041 a
373 1998 641 2055 philosopho
676 2014 846 2041 summo
879 1998 1021 2056 magis
1055 1998 1109 2040 ad
1133 1998 1403 2041 irridendam
1427 2015 1579 2042 eorum
1601 2006 1741 2043 teme-

149 2077 340 2132 ritatem,
369 2078 445 2133 qui
468 2092 650 2120 omnem
668 2093 849 2135 operam
870 2078 916 2120 in
941 2077 1188 2121 enodandis
1210 2078 1464 2122 nominibus
1485 2078 1739 2136 perderent

150 2170 281 2211 quam
315 2155 370 2198 ad
392 2156 458 2198 rei
480 2156 765 2213 aperiendam
788 2156 1019 2198 veritatem
1042 2155 1161 2198 dicta
1189 2155 1413 2211 videntur,
1444 2157 1570 2199 multi
1590 2163 1740 2200 tamen

150 2250 173 2276 e
217 2235 444 2278 veteribus
486 2251 586 2278 eum
627 2236 768 2278 secuti
809 2241 914 2279 sunt
926 2234 979 2292 ⁴),
1020 2235 1229 2280 commoti
1266 2235 1456 2279 fortasse
1498 2236 1628 2280 etiam
1669 2252 1740 2292 eo,

248 2394 282 2439 1)
323 2394 420 2429 Plat.
446 2393 592 2430 Phileb.
622 2397 678 2440 10,
703 2394 751 2430 D.

246 2456 281 2500 2)
324 2455 437 2492 Haud
463 2455 542 2492 scio
570 2466 619 2491 an
646 2454 859 2502 Sophocles
878 2454 928 2491 ad
945 2454 1043 2492 hane
1061 2454 1373 2502 significationem
1392 2455 1582 2502 alludent,
1596 2454 1737 2493 Electr.

148 2516 236 2559 658,
262 2513 328 2551 ubi
354 2515 402 2551 de
427 2515 605 2562 Apolline
632 2507 703 2551 ait':
729 2512 889 2558 »ἐπαξιῶ
914 2525 956 2550 σε
980 2513 1154 2564 δαίμον’
1181 2513 1263 2550 ὅντ’
1288 2513 1563 2550 §neas-§vast
1635 2517 1637 2520 ’

206 2576 280 2628 4-3)
322 2575 420 2612 Plat.
447 2576 589 2624 Gratyl.
617 2589 653 2623 p.
674 2579 742 2612 398
770 2577 812 2614 Β.

242 2636 279 2680 4)
324 2634 448 2672 Schol.
475 2637 518 2672 11.
545 2637 586 2683 1.,
614 2640 705 2673 22‘2:
731 2634 868 2686 »οὕτῳς
893 2636 1066 2685 δαίμονας
1081 2636 1185 2672 καλεῖ
1205 2635 1315 2676 θεοὺς
1336 2634 1414 2679 ἤτοι
1439 2634 1491 2671 ὅτι
1516 2635 1737 2684 δαήμονες

146 2694 168 2739 ἢ
193 2693 246 2730 ὅτι
270 2693 442 2739 διαιτηταί
466 2696 593 2732 εἷσιν.“
621 2702 691 2734 cet.
742 2698 907 2746 Hesych.
934 2710 963 2734 s.
989 2710 1027 2734 v.
1055 2696 1207 2746 δαίμων·
1241 2695 1401 2745 δαῆμων.
1462 2697 1520 2732 Et.
1555 2697 1602 2733 M.
1635 2709 1664 2733 s.
1682 2700 1735 2733 'v-

146 2755 299 2805 δαίμων·
326 2753 617 2793 αὕτοδίδακτο
627 2771 653 2798 ς.
711 2759 909 2796 Hierocles
936 2759 1165 2796 adaureum
1191 2769 1339 2795 carmen
1370 2770 1406 2804 p.
1434 2760 1493 2794 38.
1527 2758 1586 2804 ed,
1612 2758 1734 2795 Need-

145 2818 250 2864 ham,
277 2829 313 2864 p·
340 2819 399 2862 42,
431 2821 483 2851 12.
511 2819 572 2854 ed.
599 2819 780 2855 Mullach:
816 2817 909 2863 »Τὰς
934 2817 1159 2867 ·ἄθρωπίνας
1192 2816 1314 2866 ψυχᾶς
1352 2839 1393 2844 -
1431 2816 1603 2866 δαίμονας
1635 2818 1739 2855 καλεῖ

146 2878 195 2921 ὥς
219 2876 441 2928 δαήμονας
488 2877 550 2913 καὶ
574 2876 907 2929 ἑπιστῆμονας.“
1257 2884 1259 2886 ’
1391 2890 1394 2891 ’
1501 2903 1503 2905 -
1729 2875 1746 2901 '.
