1927 3218
913 120 979 171 26

144 261 307 319 cuique
340 261 639 321 assignandus
673 268 769 306 erat
804 262 955 318 locus,
997 277 1079 306 sua
1110 262 1279 318 officia,
1318 277 1525 319 munera,
1563 261 1741 306 labores

142 340 433 398 imponenda,
465 356 547 384 sua
568 341 762 399 denique
785 341 921 385 animi
954 347 1001 385 et
1032 341 1234 400 corporis
1255 342 1375 385 vires
1408 356 1461 386 ac
1487 342 1743 398 facultates,

144 419 308 476 quibus
340 421 415 463 illa
445 421 731 476 perficerent,
763 420 1031 472 tribuendae
1064 427 1203 464 erant.
1258 420 1417 478 Itaque
1449 420 1561 465 haec
1594 421 1743 465 omnia

141 498 407 556 plerumque
440 498 622 556 quidem
655 499 713 543 ad
745 499 930 543 deorum
959 499 1224 558 principem,
1255 496 1742 558 Jovem‚¹)·interdum

143 577 200 621 ad
231 576 486 636 Parcam·,²)
526 593 662 636 saepe
696 578 754 622 ad
786 593 943 621 omnes
977 578 1088 622 deos
1100 577 1134 636 ⁸)
1167 578 1517 633 revocabantur3
1557 593 1742 623 revoca-

142 656 305 699 bantur
337 672 444 699 vero
479 657 612 699 etiam
645 657 702 699 ad
734 658 947 712 δαίμονα,
990 672 1043 699 ea
1073 657 1336 714 praesertim
1376 656 1527 714 parte,
1566 672 1655 714 qua
1686 658 1742 702 ad

142 735 371 778 hominum
404 735 688 779 conditiones
722 752 774 778 ac
809 742 955 779 sortes
988 736 1287 792 pertinebant.
1351 735 1405 778 In
1441 751 1494 779 eo
1529 736 1645 780 enim
1677 737 1743 780 fa-

143 820 291 878 torum
324 815 568 873 assignatio
593 815 655 857 ita
687 815 835 872 posita
868 821 977 870 erat,
1010 820 1073 870 ut,
1107 815 1277 871 siquis
1309 814 1381 857 vel
1404 815 1638 872 sapientia,
1669 815 1742 858 vel

143 894 323 948 virtute,
357 894 429 936 vel
449 908 669 951 prospero
703 892 850 936 rerum
883 908 1114 949 successu,
1146 894 1220 936 vel
1252 893 1413 951 opibus
1444 893 1639 950 floreret,
1671 895 1743 937 vel

141 973 322 1015 fortuna
354 973 545 1016 adversa
565 973 868 1028 afflictaretur,
901 974 944 1016 in
966 973 1035 1016 his
1068 972 1273 1016 omnibus
1295 973 1506 1028 δαίμονος
1536 988 1743 1030 suprema

142 1051 209 1094 vis
243 1057 289 1094 et
320 1052 563 1095 auctoritas
596 1058 932 1110 agnosceretur.
946 1050 981 1106 ⁴)
1044 1051 1197 1108 Atque
1232 1057 1282 1094 ut
1312 1038 1444 1108 plane
1478 1051 1607 1095 nobis
1639 1067 1742 1110 per-

143 1130 435 1186 suadeamus,
475 1146 565 1174 non
606 1145 706 1174 esse
746 1147 847 1174 eum
888 1137 1059 1174 certum
1100 1131 1292 1187 aliquem
1332 1130 1465 1173 deum
1505 1130 1577 1173 vel
1610 1131 1742 1174 etiam

143 1210 325 1268 genium
358 1198 746 1264 diis-inferiorem,
780 1210 861 1253 sed
894 1210 1091 1252 universi
1114 1209 1346 1252 cuiusdam
1380 1206 1588 1264 numinis,
1621 1210 1743 1266 quod

143 1295 408 1332 cunctorum
441 1289 628 1332 deorum
660 1289 844 1331 numina
876 1289 1215 1346 complectatur,
1247 1303 1433 1330 munere
1464 1288 1607 1346 fungi,
1638 1304 1743 1346 pro-

142 1383 276 1424 spera
311 1368 494 1409 fortuna
531 1367 762 1424 Theognis
803 1367 931 1409 nobis
973 1367 1143 1408 exstitit
1189 1366 1340 1420 testis,
1388 1366 1486 1421 qui,
1536 1366 1656 1421 quod
1696 1367 1741 1408 in

242 1601 276 1646 1)
318 1599 431 1636 Jovis
457 1599 694 1636 voluntatem
720 1598 885 1635 omnium
910 1608 1034 1638 rerum
1059 1607 1239 1634 summam
1257 1598 1381 1643 legem
1398 1608 1443 1633 ac
1459 1608 1629 1634 normam
1643 1608 1740 1644 esse,

141 1660 344 1698 innumeris
369 1659 553 1706 exemplis
573 1658 775 1706 probatur.
801 1657 1015 1706 Aeschylus
1041 1667 1165 1696 rerum
1200 1656 1370 1695 ordinem
1397 1656 1445 1694 ab
1479 1667 1526 1694 eo
1559 1657 1742 1695 constitu-

141 1725 221 1758 tum
247 1722 418 1768 appellat
451 1717 540 1764 „wir
572 1718 654 1761 Διός
686 1718 902 1768 ἄρμονίαν,“
936 1730 1033 1766 quae
1067 1718 1282 1755 mortalium
1299 1718 1481 1755 >consiliis
1512 1729 1590 1755 non
1622 1719 1745 1765 possit

142 1782 323 1829 superari.
381 1780 573 1817 Prometh.
593 1783 676 1816 549.
735 1781 827 1817 Eius
859 1780 1001 1827 placita
1033 1778 1229 1816 continent
1259 1772 1318 1824 id,
1352 1778 1457 1825 quod
1490 1779 1633 1815 iustum
1671 1782 1742 1826 est,

142 1847 181 1880 et
206 1836 625 1890 proptereavocantur
649 1839 820 1890 θέμιστες
845 1841 926 1877 sive
951 1838 1116 1888 θέμιτες,
1152 1839 1260 1876 Hom.
1281 1838 1349 1875 Od.
1368 1839 1473 1886 XVI,
1498 1841 1591 1887 4033
1628 1838 1741 1876 Pind.

142 1904 197 1940 01.
215 1904 283 1949 XI,
309 1904 376 1949 243
405 1912 502 1949 quae
529 1902 577 1938 ab
603 1902 786 1948 Apolline
811 1902 1027 1938 hominibus
1052 1901 1285 1936 nuntiantur.
1345 1899 1455 1935 Pind.
1474 1900 1587 1946 Pyth.
1605 1900 1742 1947 1V,54;

141 1963 274 2013 fragm.
292 1965 385 2012 2043
411 1964 522 2001 Hom.
542 1964 677 2011 Hymn.
698 1963 825 2010 Apoll.
845 1965 934 2010 2523
961 1963 1053 2009 2923
1081 1964 1162 1997 394.
1191 1958 1238 1997 cf.
1257 1959 1406 1997 Miiller.
1427 1959 1521 1997 Dor.
1540 1960 1571 2007 Ι,
1597 1972 1636 2008 p.
1656 1961 1739 1997 338.

141 2027 229 2074 Ipse
253 2025 390 2074 »πολιῷ
421 2023 523 2073 νόμῳ
557 2020 663 2060 αἶσαν
695 2022 840 2072 ὄρθοῖ,“
889 2023 1028 2060 Aesch.
1050 2022 1183 2069 Suppl.
1203 2023 1294 2069 6473
1322 2024 1361 2058 et
1378 2031 1423 2058 ex
1444 2017 1742 2058 Themide‘filias

111 2124 115 2128 .
141 2087 359 2135 procreavit
389 2088 531 2133 Horas,
567 2083 766 2134 Εὐνομίαν,
801 2074 921 2129 Δίκην,
957 2082 1124 2133 Εἰρήνην,
1151 2083 1308 2120 Hesiod.
1328 2082 1500 2129 Theogn.
1520 2085 1602 2129 901,
1629 2082 1740 2119 Pind.

140 2146 272 2195 fragm.
291 2149 333 2194 63
360 2148 434 2183 hoc
460 2150 537 2183 est:
566 2146 755 2191 ordinem,
783 2145 982 2189 iustitiam,
1010 2154 1142 2191 pacem
1169 2147 1285 2189 atque
1313 2143 1477 2178 omnium
1502 2153 1625 2178 rerum
1652 2153 1741 2179 con-

141 2209 355 2246 sensionem
380 2207 523 2254 primus
549 2207 768 2254 constituit,
804 2210 919 2254 atque
946 2208 1105 2252 propter
1138 2204 1235 2241 hanc
1265 2203 1387 2250 ipsam
1421 2213 1572 2240 causam
1607 2213 1630 2240 a
1655 2203 1741 2240 Pin-

141 2270 236 2305 daro
263 2272 425 2304 vocatur
448 2266 725 2314 »ἀριστοτέχνας
750 2266 903 2312 πατήρ,“
919 2266 1027 2302 Pind.
1044 2264 1182 2310 fragm:
1200 2266 1258 2309 29,
1278 2264 1364 2299 coll.
1382 2263 1482 2299 Plut:
1502 2263 1540 2299 S.
1558 2264 1603 2300 N.
1621 2264 1670 2300 V.
1685 2267 1739 2298 11.

142 2329 302 2377 aliisque
328 2329 424 2366 loeis
450 2340 473 2365 a
490 2328 687 2368 Boeckhio
715 2327 765 2363 ad
779 2327 890 2365 Pind.
910 2327 932 2363 l.
952 2327 976 2363 l.
996 2325 1130 2362 allatis.
1151 2322 1206 2361 Cf.
1225 2322 1381 2361 Aristid.
1400 2322 1430 2369 I,
1456 2335 1492 2371 p.
1515 2327 1559 2358 10
1574 2323 1634 2360 ed.
1653 2322 1742 2360 Din-

141 2389 238 2427 dorf.
266 2391 389 2434 Quare
417 2390 671 2436 quodcunque
697 2388 758 2434 fit,
787 2389 823 2424 in
851 2399 897 2424 eo
924 2388 1036 2424 Jovis
1062 2387 1241 2423 voluntas
1268 2388 1439 2431 apparet.
1466 2382 1627 2428 „Kdvdeu
1654 2382 1741 2420 τού-

140 2463 221 2495 των,
248 2449 279 2494 ὅ,
305 2462 337 2486 τι
351 2449 401 2499 μή
430 2448 552 2491 Ζεύς.“
604 2449 722 2496 Soph.
742 2449 877 2485 Trach.
901 2451 1003 2482 1280.
1024 2445 1069 2483 cf.
1089 2446 1226 2497 Aesch.
1246 2445 1383 2492 Agam.
1407 2447 1511 2480 1453.

237 2513 274 2557 2)
316 2512 461 2547 Parcae
494 2522 578 2547 cum
610 2511 754 2555 Furiis,
788 2514 831 2545 ut
863 2519 939 2544 uno
979 2508 1154 2553 exemplo
1187 2510 1310 2543 totam
1346 2516 1500 2542 causam
1532 2504 1742 2550 absolvam,

141 2571 190 2610 ab
217 2568 410 2619 Aeschylo
443 2571 700 2617 necessitatis,
734 2581 809 2617 qua
841 2568 967 2606 omnia
998 2567 1204 2605 constricta
1235 2570 1427 2612 tenentur,
1462 2565 1643 2603 rectrices
1676 2575 1741 2612 ap-

141 2634 349 2679 pellantur:

359 2693 443 2737 ,,Τι’ς
467 2690 535 2730 οὖν
558 2691 718 2740 ἀνάγκης
742 2690 837 2729 ἐστὶν
854 2689 1116 2739 οἰακοστρόφος
1124 2703 1135 2733 ,·
1416 2735 1418 2737 ¹

359 2758 497 2801 Μοῖραι
522 2753 737 2803 τρίμορφοι,
764 2752 950 2802 μνήμονες
973 2753 1005 2787 τ’
1032 2749 1422 2799 Ερινύες.“Ρι“οωθί;ὴ.
1442 2751 1523 2784 517.

240 2818 279 2862 3)
318 2814 428 2860 „8⁶02
453 2814 493 2851 δὲ
517 2813 606 2851 κατὰ
632 2813 810 2864 σφέτερον
834 2813 949 2851 πάντα
974 2813 1110 2850 τελοῦσι
1134 2809 1255 2848 νόον.“
1307 2810 1481 2859 Theogn.
1503 2810 1582 2847 142.
1604 2822 1606 2825 ·

239 2879 275 2925 4)
317 2866 418 2914 Vide
443 2877 569 2922 locos,
596 2888 692 2925 quos
718 2888 834 2926 supra
859 2888 894 2925 p.
915 2876 960 2912 23
987 2886 1041 2923 sq.
1069 2873 1322 2911 laudavimus.
1391 2897 1394 2901 <
