1927 3218
944 128 1009 176 121

169 269 462 326 henderetur,
487 264 792 328 'quaecunque
817 271 910 314 sive
942 270 988 313 in
1011 285 1159 323 rerum
1191 275 1353 315 natura
1381 272 1474 316 sive
1506 272 1551 315 in
1574 271 1773 316 moribus

170 349 288 393 mala
320 356 462 405 erant,
495 365 549 393 ea
582 349 639 393 ad
667 350 883 406 δαίμωνας
913 356 1120 394 auctores
1159 349 1481 394 referebantur.
1540 351 1676 396 Unde
1708 352 1773 396 fa-

177 435 299 472 ctum
333 435 416 484 est,
450 434 500 471 ut
531 428 764 472 daemonis
798 429 923 472 notio
945 429 1158 487 paulatim
1182 429 1226 473 in
1259 428 1362 472 mali
1395 431 1516 488 genii
1549 432 1772 490 significa-

168 508 339 551 tionem
363 507 522 562 abiret,
535 506 569 565 ¹)
600 513 646 550 et
673 508 718 550 in
742 507 918 551 divinae
947 499 1178 566 religionis
1207 514 1386 552 nostrae
1415 508 1540 552 libris
1567 509 1772 568 δαιμόνια

170 587 387 644 appellari
409 592 599 643 possent
629 573 771 643 ipsius
804 587 907 629 mali
927 587 1137 644 principii
1159 587 1405 631 administri
1429 594 1474 631 et
1495 590 1722 634 satellites.
1738 586 1775 648 ²)'

168 665 430 721 Postremo,
470 665 575 723 quia
606 680 708 708 cum
739 666 950 728 δαίμονος
985 666 1168 708 notione
1206 672 1393 725 propter
1425 682 1521 710 eam
1553 674 1772 725 naturam,

170 745 297 788 cuius
331 745 653 803 cogitationem
686 760 865 802 semper
888 745 1128 800 excitabat,
1160 746 1359 789 mirabile
1383 746 1594 803 quiddam
1629 754 1675 790 et
1704 749 1772 790 in-

172 824 548 881 comprehensum
572 824 862 866 coniunctum
897 830 1007 879 erat,
1047 830 1231 867 naturae
1266 825 1485 882 quaedam
1518 841 1544 868 a
1576 826 1660 869 diis
1692 826 1773 869 ho-

170 903 454 960 minibusque
489 903 718 957 diversae,
761 903 923 959 quibus
964 904 1032 946 vis
1078 904 1298 960 quaedam
1332 911 1507 948 secreta
1540 911 1673 961 atque
1705 906 1772 947 in-

173 982 304 1024 solita
345 997 487 1038 eaque
537 988 632 1024 tum
680 981 887 1024 benefica
927 988 1020 1025 tum
1061 982 1264 1025 malefica
1318 983 1467 1026 inesse
1516 984 1772 1041 putabatur,

167 1062 377 1116 δαίμονες
407 1060 699 1103 vocabantur.

923 1317 1018 1378 IV.

291 1455 377 1499 His
411 1455 548 1513 igitur
589 1456 843 1499 universam
876 1457 1086 1512 δαίμονος
1117 1456 1204 1499 vim
1239 1472 1290 1499 ac
1322 1458 1551 1500 notionem
1585 1458 1769 1514 eiusque

170 1535 442 1577 mutationes
476 1540 521 1575 et
553 1535 681 1590 quasi
710 1535 1054 1592 progressiones
1086 1534 1377 1578 adumbrasse
1401 1536 1532 1579 nobis
1553 1536 1768 1579 videmur.

171 1614 224 1657 In
258 1630 347 1670 qua
380 1613 683 1671 descriptione
719 1630 772 1656 ea
804 1615 954 1668 notio,
996 1630 1128 1670 quam
1169 1615 1355 1671 primam
1393 1616 1648 1672 posuimuS,
1688 1616 1771 1658 etsi

171 1692 293 1751 apud
324 1693 449 1750 ipsos
483 1692 688 1737 Graecos
729 1693 973 1751 scriptores
1015 1709 1105 1736 non
1146 1699 1300 1750 aperte
1341 1709 1393 1737 ac
1435 1693 1615 1737 definite
1655 1693 1771 1737 indi-

171 1778 271 1815 cata
304 1778 395 1827 est,
433 1773 538 1829 quia
575 1773 629 1817 iis
668 1772 971 1830 temporibus,
1012 1787 1200 1829 quorum
1240 1772 1301 1815 illi
1340 1773 1612 1832 interpretes
1652 1778 1770 1828 sune,

170 1852 364 1896 numinis
398 1852 537 1895 divini
568 1853 717 1895 unitas
758 1868 848 1894 non
888 1858 1047 1894 natura
1086 1851 1461 1908 aliqua-seorsim
1495 1852 1771 1906 consistenti,

171 1931 253 1975 sed
275 1931 504 1975 hominum
529 1932 671 1975 solum
702 1937 851 1974 mente
886 1947 937 1974 ac
961 1931 1235 1989 cogitatione
1260 1931 1589 1987 continebatur,
1621 1938 1770 1974 tamen

172 2011 444 2053 necessitate
480 2010 672 2067 quadam
696 2026 794 2053 eam
817 2009 1066 2053 iudicamus
1098 2010 1259 2053 ceteris
1282 2010 1541 2053 notionibus
1564 2010 1771 2053 omnibus

172 2105 271 2131 esse
305 2090 687 2147 praeponendam,
721 2090 825 2146 quia
846 2090 929 2131 hac
963 2090 1128 2132 omissa
1167 2090 1266 2131 illae
1300 2090 1373 2132 vix
1411 2090 1574 2132 iustam
1605 2089 1770 2132 habere

170 2168 379 2212 videntur
413 2169 644 2212 rationem.
710 2168 919 2226 Namque
954 2184 1090 2225 quum
1130 2168 1230 2226 ipsa
1268 2168 1459 2212 nominis
1498 2169 1642 2212 forma
1671 2168 1771 2211 talis

172 2248 243 2303 sit,
277 2255 327 2291 ut
359 2249 467 2291 nulli
500 2249 563 2291 rei
598 2248 837 2291 conveniat
868 2248 954 2291 nisi
986 2254 1171 2290 naturae
1204 2248 1291 2305 ipsi
1322 2263 1405 2305 per
1437 2262 1485 2290 se
1508 2247 1773 2290 consistenti

171 2334 216 2370 et
248 2329 415 2387 agenti,
449 2344 581 2385 quam
615 2328 703 2371 vim
737 2328 946 2383 servavit,
980 2343 1117 2385 quum
1149 2326 1206 2370 ad
1229 2327 1431 2386 singulos
1453 2325 1772 2385 significandos

170 2406 280 2450 deos
322 2406 575 2463 adhibetur,
616 2407 737 2465 apud
778 2407 1027 2450 Homerum
1068 2412 1215 2450 autem
1263 2407 1596 2464 scriptoresque
1637 2405 1772 2463 longe

271 2582 305 2625 1)
351 2581 395 2616 In
421 2591 518 2617 voce
547 2578 690 2628 δαίμων
715 2580 815 2616 idem
842 2578 983 2616 factum
1009 2582 1087 2624 est,
1122 2577 1227 2624 quod
1259 2578 1297 2614 in
1330 2588 1427 2614 voce
1463 2578 1655 2615 Sanserita
1679 2564 1770 2630 {Ti

171 2653 319 2700 (deva),
348 2663 446 2700 quae
473 2663 586 2700 quum
613 2653 715 2699 apud
743 2652 861 2689 Indos
889 2652 1046 2688 deorum
1073 2653 1175 2688 esset
1208 2651 1436 2697 appellatio,
1474 2650 1513 2687 in
1544 2650 1774 2688 Zoroastrae

171 2714 347 2750 doctrina
373 2713 423 2749 ad
450 2714 571 2752 malos
596 2713 750 2760 genios,
776 2713 959 2750 Arimanii
986 2712 1189 2758 satellites,
1213 2710 1483 2758 significandos
1509 2710 1773 2748 adhibebatur·

172 2772 229 2811 Cf.
250 2774 415 2813 Creuzer
442 2773 613 2822 Symbol.
634 2775 663 2819 l,
692 2786 726 2821 p.
747 2777 831 2824 308,
849 2774 909 2812 ed.
928 2777 963 2812 3.

271 2838 306 2881 2)
355 2837 558 2873 Innumera
598 2837 708 2873 huius
745 2847 836 2873 usus
875 2839 962 2873 sunt
1001 2836 1184 2882 exempla.
1250 2835 1350 2872 Vide
1389 2845 1480 2881 prae
1518 2835 1654 2872 ceteris
1681 2835 1771 2870 Luc.

175 2898 283 2944 Vm,
301 2900 366 2944 333
394 2899 463 2945 353
489 2897 596 2943 XIII,
618 2899 673 2931 12.
699 2897 812 2933 Marc.
832 2897 900 2943 III,
922 2899 977 2931 15.
997 2897 1042 2932 al.
