1927 3218
951 109 1015 167 1¹8

177 243 315 300 θεόυς
343 247 597 300 intercedat
627 248 753 295 ratio,
779 296 784 300 ,
815 247 1050 301 Interdum
1083 247 1200 292 enim
1231 248 1400 305 δαίμων
1442 248 1550 302 nihil
1567 299 1570 302 ⁴
1588 255 1658 293 est
1696 249 1783 306 nisi

179 325 304 376 notio
344 327 622 387 generalior,
661 327 915 378 universam
957 327 1264 385 complectens
1303 326 1606 383 divinitatem,
1651 329 1782 385 quae,

178 404 301 468 nulla
348 420 451 449 cum
490 405 679 464 singulis
723 404 807 458 diis
848 398 1181 463 comparatione
1221 406 1471 462 instituta,
1495 406 1780 465 perficiendis

178 483 402 535 omnibus·
418 499 501 542 par
532 485 602 549 sit.
666 483 900 535 Interdum
932 490 1081 528 autem
1114 490 1279 542 aperte,
1299 498 1354 528 ac
1387 484 1582 538 dilucide
1622 487 1685 533 ita
1714 487 1781 537 in-

177 561 378 618 ducitur,
417 569 468 606 ut
507 563 704 608 omnium
737 563 925 606 deorum
965 564 1206 608 coniuncta
1247 569 1293 608 et
1329 564 1375 608 in
1415 580 1553 608 unum
1592 560 1787 620 collecta*

177 647 381 699 potestas
414 641 510 693 eius
548 642 637 686 vim
677 641 843 698 efficiat
862 641 1031 698 v*diique
1072 643 1237 701 singuli
1285 642 1412 698 quasi
1452 642 1643 699 aliquam
1685 645 1779 687 eius

177 726 352 778 partem
387 719 645 771 ostendant.
708 721 861 777 Atque
894 721 940 764 in
972 720 1056 763 hac
1089 721 1272 765 notione
1296 720 1474 775 accidit,
1506 727 1557 764 ut
1577 722 1779 780 'singulis
1815 716 1818 719 ⁴

175 798 260 843 diis
308 804 609 857 anteponatur
654 798 919 855 hebeatque·
955 799 1044 849 vim
1091 799 1176 848 illis
1216 800 1506 858 superiorem.
1582 798 1777 851 Omnino

175 883 326 938 autem
374 878 470 920 eius
518 883 703 931 natura,
752 877 807 920 ab
855 878 1059 935 angustis
1108 884 1256 921 certae
1305 893 1526 935 personae
1575 879 1776 924 terminis

175 961 373 1013 exemta,
406 955 594 998 solutior
627 958 760 1011 atque
801 955 1015 1004 infinitior
1048 962 1132 1010 est,
1164 956 1369 1012 hancque
1402 957 1545 1013 ipsam
1580 956 1637 999 ob
1672 971 1777 999 cau-

174 1048 268 1077 sam
317 1049 373 1077 ex
421 1033 571 1090 aliqua
617 1039 742 1091 parte
792 1034 989 1077 sanctior
1026 1049 1078 1077 ac
1121 1033 1313 1078 divinior
1346 1040 1391 1077 et
1423 1034 1480 1078 ad
1512 1035 1776 1094 religionem

155 1112 442 1157 ⁴movendam
491 1113 649 1171 aptior.
713 1112 987 1171 Infinitatem
1036 1113 1153 1156 enim
1201 1128 1357 1158 omnes
1404 1114 1539 1156 tacito
1582 1113 1775 1170 quodam

172 1192 339 1235 iudicio
372 1192 418 1235 in
451 1192 632 1235 numine
667 1191 817 1235 divino
853 1197 1118 1249 agnoscunt.

243 1306 245 1308 ,
293 1269 398 1314 Jam
446 1285 554 1313 vero
596 1269 733 1325 haec,
784 1285 898 1326 quae
942 1284 997 1312 ex
1037 1268 1225 1312 Homeri
1275 1271 1464 1313 maxime
1506 1285 1590 1315 usu
1638 1271 1779 1328 petita

171 1354 292 1404 sunt,
333 1348 550 1406 exemplis
596 1347 831 1406 probanda
863 1347 1113 1390 videntur.·
1152 1347 1350 1391 Primum
1398 1344 1777 1406 igitur'daiuovog

175 1427 417 1470 efficientia
450 1427 505 1470 ab
539 1426 740 1470 Homero
776 1428 821 1469 in
856 1426 1061 1470 omnibus
1086 1427 1362 1484 agnoscitur,
1397 1442 1511 1482 quae
1546 1426 1772 1481 accidunt,

171 1506 266 1549 sive
307 1522 361 1549 ea
397 1506 518 1550 bona
558 1506 651 1549 sive
693 1505 810 1548 mala
849 1512 974 1560 sunt,
1012 1505 1277 1563 praesertim
1325 1505 1362 1549 si
1403 1505 1679 1549 admirabilia
1710 1506 1774 1549 vi-

171 1584 335 1629 dentur
377 1591 423 1628 et
463 1590 643 1642 praeter
683 1584 1067 1641 exspectationem
1112 1584 1310 1627 existunt
1352 1590 1397 1626 et
1436 1584 1493 1627 ad
1542 1585 1653 1627 certi
1699 1584 1771 1627 dei

171 1664 483 1707 auctoritatem
521 1664 688 1707 referri*
718 1679 808 1706 non
851 1669 1056 1721 possunt.
1137 1663 1296 1720 Itaque
1338 1664 1507 1719 δαίμων
1545 1669 1662 1718 erat,
1697 1663 1773 1719 qui

171 1743 229 1787 ad
288 1731 498 1787 Sirenum
558 1743 748 1786 insulam
818 1743 1099 1800 compescuit
1164 1749 1480 1798 tempestatem
1549 1743 1771 1797 marisque

171 1820 332 1865 fluctus
365 1828 614 1866 commotos
648 1821 796 1864 subito
830 1821 1024 1878 placavit
1046 1820 1079 1878 ¹)
1114 1827 1159 1863 et
1212 1820 1332 1878 apud
1391 1821 1582 1875 inferos,
1637 1836 1771 1877 quum

169 1907 271 1944 ante
311 1901 489 1944 Tantali
528 1900 721 1944 sitientis
768 1916 846 1943 ora
897 1900 1163 1943 recessisset
1209 1899 1349 1954 unda,
1413 1900 1655 1942 exsiccavit
1707 1900 1773 1943 ni-

168 1996 295 2038 gram
336 1996 531 2034 arenam,
554 1978 588 2037 5³)
636 1985 681 2022 et
728 1979 783 2022 ab
830 1978 1019 2036 Ulysse,
1074 1995 1129 2022 ne
1178 1985 1426 2022 monstrum
1468 1979 1552 2022 sibi
1592 1994 1615 2020 e
1664 1979 1772 2021 mari

167 2059 448 2114 immitteret,
487 2058 741 2102 timebatur.
756 2057 797 2116 ³)
867 2057 956 2100 Hic
996 2056 1233 2115 Ulyssem,
1285 2058 1386 2100 navi
1427 2057 1548 2100 Iovis
1587 2057 1771 2100 fulmine

168 2138 406 2192 confricta,
448 2137 505 2180 ad
539 2136 753 2194 Cyclopis
793 2136 1067 2179 domicilium
1112 2135 1363 2194 deduxit,⁴)
1405 2143 1450 2178 et
1482 2142 1663 2193 postea,
1706 2142 1771 2191 ut,

168 2232 282 2273 quae
324 2215 505 2275 Ulyssis
546 2223 642 2259 erat
682 2209 901 2272 suspicio,
948 2215 1077 2272 plura
1117 2216 1249 2259 etiam
1289 2215 1404 2258 mala
1442 2220 1771 2272 perpeteretur,
1819 2232 1822 2235 ’

167 2295 225 2339 ad
256 2296 512 2339 Phaeacum
553 2295 684 2337 litora
722 2293 969 2352 appulit35)
1010 2292 1066 2337 ab
1114 2293 1200 2337 hoc
1231 2294 1460 2337 Eumaeus
1509 2293 1592 2336 sibi
1633 2292 1779 2350 Ulysa

167 2473 455 2481 ———

268 2620 304 2666 ι)
348 2617 523 2666 Οᾱ.ΧΙΙ,
544 2620 624 2653 169.

267 2681 304 2726 2)
335 2679 502 2732 -0d.xl‚
523 2680 606 2716 587.

263 2732 301 2789 3)
343 2740 611 2788 Ibid.v,421.

260 2804 299 2849 4)
342 2802 547 2849 Ibid.vl1‚
566 2804 650 2838 248.
755 2844 758 2847 ,
880 2842 898 2847 ,,
948 2838 987 2847 ,,
1035 2835 1036 2838 ,

262 2864 298 2910 5)
341 2861 439 2900 Ibid.
459 2862 526 2909 VI,
548 2864 627 2897 1⁷2.
647 2852 693 2899 of.
711 2861 816 2908 XVI,
838 2864 915 2897 194.
