1927 3218
932 124 996 173 ιε,
1022 94 1030 101 ’

170 266 410 330 darentur?
456 266 529 311 Ab
576 267 693 311 illius
743 267 859 311 enim
907 267 1094 311 consilio
1124 282 1194 311 ac
1231 267 1462 311 voluntate
1501 267 1763 312 immutabili

133 337 137 341 ’
170 348 254 394 sibi
286 346 475 404 quisque
510 347 669 404 quovis
700 342 923 404 temporis
947 352 1174 390 momento
1190 364 1192 366 ·
1208 353 1286 390 aut
1315 347 1450 390 vitam
1483 362 1535 390 ac
1558 347 1761 402 salutem,

170 433 248 471 aut
278 425 461 469 exitium
494 431 628 483 atque
660 432 850 469 mortem
881 426 1112 469 imminere
1145 426 1378 470 sentiebat.

289 506 442 561 Atque
475 505 544 548 his
565 505 652 548 iam
675 506 782 549 satis
810 504 1014 548 videmur
1045 505 1270 560 docuisse,
1302 507 1513 561 δαίμονος
1534 506 1762 548 notionem

168 584 346 628 insitam
379 600 481 628 cum
522 585 681 629 summi
712 584 905 628 numinis
938 600 992 628 ea
1024 585 1088 639 vi,
1129 600 1218 642 qua
1249 585 1528 642 potissimum
1561 590 1761 628 veterum

170 663 302 707 animi
341 663 459 721 pulsi
496 663 606 719 sint,
650 663 783 721 plane
831 664 1070 708 convenire
1117 664 1479 721 aptissimamque
1528 663 1623 706 eius
1664 677 1763 706 esse

169 743 528 800 appellationem.
571 741 713 786 Simul
735 748 888 786 autem
903 743 1191 803 ascendimus
1213 733 1377 796 locum,
1401 758 1455 785 ex
1478 758 1567 798 quo
1586 757 1762 784 omnem

167 821 298 865 huius
320 822 446 866 vocis
469 821 683 866 ditionem
705 836 794 865 uno
818 821 980 865 obtutu
1001 822 1261 879 prospicere
1282 821 1521 880 possimus.
1566 821 1763 864 Primum

167 901 303 959 igitur
355 900 524 959 δαίμων
570 915 798 959 coqnomen
845 909 939 944 erat
982 903 1118 958 ipsius
1165 904 1321 944 summi
1366 903 1576 955 numinis,
1634 901 1762 943 cuius

168 996 422 1038 supremam
455 981 649 1024 omnium
681 996 827 1024 rerum
862 980 1240 1039 designandarum
1281 987 1326 1024 et
1358 979 1762 1024 distribuendarum

167 1065 439 1117 potestatem
472 1059 749 1118 exprimebat
786 1059 1006 1116 huiusque
1046 1060 1284 1117 potestatis
1324 1066 1525 1103 sanctam
1566 1065 1611 1101 et
1640 1059 1763 1101 inac-

170 1153 344 1181 cessam
375 1139 653 1181 maiestatem
685 1139 731 1181 in
753 1138 1030 1182 horrentium
1062 1139 1307 1181 animorum
1342 1145 1589 1196 conspectu
1623 1153 1764 1195 pone-

166 1217 256 1259 bat.
327 1216 529 1272 Deinde,
577 1232 712 1273 quum
753 1218 911 1260 summi
960 1218 1151 1260 numinis
1190 1218 1257 1260 vis
1307 1218 1423 1260 inter
1460 1217 1612 1274 plures
1652 1216 1761 1259 deos

168 1296 295 1354 quasi
336 1296 478 1341 divisa
517 1302 661 1353 esset,
706 1297 895 1354 δαίμων,
942 1296 1158 1354 peculiari
1204 1296 1394 1340 nominis
1436 1294 1761 1355 significatione

168 1382 364 1431 servata,
405 1378 607 1419 universa
639 1384 732 1419 erat
764 1378 988 1430 divinitae,
1030 1376 1212 1418 notione
1253 1375 1424 1418 infinita
1464 1381 1509 1417 et
1548 1390 1574 1417 a
1613 1380 1761 1418 certae

167 1469 388 1512 personae
422 1455 695 1514 cogitatione
729 1455 870 1513 magis
903 1460 1090 1510 remota,
1123 1470 1236 1511 quae
1260 1460 1485 1511 tamquam
1519 1459 1662 1497 totum
1686 1454 1763 1496 ali-

168 1533 290 1590 quod
323 1533 508 1577 deorum
532 1535 728 1577 omnium
760 1540 1010 1591 potestates
1034 1539 1079 1577 et
1100 1550 1286 1577 munera
1313 1534 1359 1576 in
1382 1549 1430 1576 se
1455 1534 1764 1592 coniungeret,

168 1612 294 1655 cuius
335 1613 545 1656 universa
585 1628 637 1656 ac
678 1628 888 1670 suprema
934 1613 1001 1655 vis
1042 1619 1087 1655 et
1128 1614 1338 1656 maiestas
1384 1628 1410 1654 a
1448 1613 1635 1670 singulis
1678 1612 1762 1655 diis

168 1691 415 1748 aperiretur
448 1698 492 1734 et
522 1691 831 1749 perficeretur,
862 1692 925 1735 ita
956 1698 1020 1747 ut,
1051 1692 1270 1749 quidquid
1301 1691 1346 1734 hi
1377 1691 1591 1746 facerent,
1629 1691 1675 1734 in
1708 1706 1762 1733 eo

167 1770 379 1826 δαίμονος
408 1771 475 1813 vis
509 1786 561 1814 ac
593 1771 801 1814 voluntas
825 1777 1096 1815 cerneretur.
1151 1771 1267 1814 Tum
1299 1787 1406 1814 vero
1440 1772 1604 1829 einyuli
1634 1772 1767 1814 etiam

168 1850 244 1903 dii,
280 1849 489 1906 quoniam
512 1850 672 1892 summi
693 1850 885 1893 numinis
917 1865 1102 1893 munera
1122 1851 1167 1892 in
1201 1866 1248 1893 se
1273 1856 1580 1907 susceperant,
1614 1850 1755 1905 eaque

166 1943 249 1984 pro
292 1943 374 1971 sua
412 1928 602 1984 quisque
643 1934 769 1985 parte
810 1928 1113 1984 sustinebant,
1160 1935 1283 1971 recte
1322 1927 1544 1984 δαιμόνων
1583 1928 1762 1971 nomine

168 2005 521 2065 appellabantur.
574 2006 688 2050 Tum
721 2015 906 2051 naturae
939 2009 1152 2065 quaedam
1177 2009 1348 2050 divinae
1369 2007 1609 2064 inferiores,
1647 2020 1761 2062 quae

168 2084 354 2128 deorum
388 2086 650 2129 auctoritate
695 2102 747 2129 ac
786 2087 912 2130 iussu
946 2086 1353 2130 distribuendarum
1391 2102 1539 2128 rerum
1578 2101 1763 2128 munera

171 2163 355 2207 obibant
391 2164 657 2221 illorumque
698 2166 826 2222 quasi
860 2171 987 2208 erant
1026 2165 1336 2220 administrae,
1375 2166 1582 2220 δαίμονες
1614 2170 1760 2216 erant3

169 2242 310 2299 iique,
343 2258 479 2299 quum
513 2250 558 2286 et
587 2244 808 2287 bonorum
842 2249 888 2286 et
917 2244 1133 2286 malorum
1167 2244 1346 2286 datores
1388 2249 1562 2297 essent,
1601 2242 1761 2299 partim

171 2321 286 2376 boni,
328 2323 490 2379 partim
522 2325 632 2366 mali
662 2322 973 2366 credebantur.
1037 2323 1190 2379 Atque
1229 2324 1274 2365 in
1312 2323 1399 2365 hoc
1430 2322 1621 2378 primum
1654 2321 1759 2363 dae-

168 2416 350 2444 monum
383 2416 550 2459 genere
572 2401 740 2445 factum
764 2406 847 2455 est,
879 2406 943 2456 ut,
977 2415 1112 2457 quum
1148 2407 1279 2444 antea
1310 2401 1354 2444 in
1379 2399 1656 2444 Graecorum
1688 2414 1758 2441 re-

167 2479 333 2536 ligione
367 2480 537 2522 nullum
558 2481 718 2523 fuisset
749 2482 858 2523 mali
887 2477 1154 2536 principium
1189 2480 1243 2522 ab
1276 2481 1375 2536 ipso
1409 2479 1588 2522 numine
1612 2478 1760 2521 divino

168 2556 409 2614 diversum,
443 2573 468 2601 a
490 2574 578 2616 quo
611 2564 701 2602 tam
733 2557 853 2602 bona
875 2573 1006 2615 quam
1040 2558 1155 2602 mala
1176 2559 1510 2617 repetebantur,
1541 2556 1760 2600 bonorum

169 2642 214 2678 et
244 2638 461 2681 malorum
492 2639 761 2696 principium
794 2637 852 2680 ad
874 2637 1073 2681 diversas
1105 2653 1323 2695 personas
1352 2640 1606 2696 referretur,
1639 2649 1759 2684 certe

167 2730 258 2757 non
282 2715 377 2758 sine
400 2733 564 2775 magna
583 2716 892 2774 philosophiae
916 2717 1180 2760 auctoritate
1212 2725 1257 2760 et
1279 2719 1506 2771 orientalis
1529 2720 1757 2763 doctrinae

166 2792 306 2836 multa
338 2795 613 2841 accessione.
668 2793 820 2850 Quum
854 2795 969 2838 enim
1003 2794 1064 2838 dii
1095 2795 1180 2838 iam
1213 2811 1303 2838 non
1334 2811 1469 2854 posse
1503 2797 1761 2842 viderentur

169 2887 259 2913 non
291 2871 397 2914 boni
431 2887 553 2927 esse,
585 2874 852 2928 bonitasque
887 2888 988 2915 cum
1020 2874 1119 2928 ipsa
1152 2889 1304 2917 eorum
1337 2877 1518 2917 notione
1553 2891 1758 2933 compre-
