1927 3218
950 125 1014 173 12

176 264 366 323 perabili
397 267 666 310 necessitate
701 267 792 310 sive
826 265 1081 309 volentibus
1122 267 1216 309 sive
1250 266 1400 310 invitis
1431 264 1781 325 iniungebantur

176 345 613 402 imponebanturque
648 345 897 389 cervicibus
929 351 1157 402 tamquam
1188 346 1342 404 iugum
1377 344 1554 401 durum,
1568 345 1602 403 ¹)
1643 343 1782 403 quod,

181 440 319 481 quum
343 439 518 480 causas,
552 440 632 468 cur
652 424 700 468 id
720 425 864 480 fieret,
903 440 994 467 non
1015 425 1335 484 intelligerent,
1357 424 1403 468 in
1425 423 1607 468 numine
1631 430 1780 468 autem

178 502 330 547 divino
371 520 462 546 non
503 510 594 546 tam
634 504 922 547 consiliorum
963 504 1228 561 sapientiam
1270 510 1316 547 et
1360 504 1607 547 bonitatem
1648 520 1779 561 quam

176 583 415 640 potestatis
447 584 617 641 regiam
651 583 1000 626 dominationem
1024 590 1339 641 agnoscerent,
1371 599 1462 626 non
1483 582 1626 626 libera
1646 583 1779 626 animi

176 661 431 716 voluntate,
471 661 553 705 sed
585 662 732 705 coacti
762 662 1028 719 plerumque
1062 663 1331 706 necessitate
1365 662 1508 705 solum
1541 666 1781 719 supporta-

176 739 349 798 bants')
411 741 508 783 Iam
541 757 648 784 vero
683 742 894 797 quoniam
925 742 1095 796 δαίμων
1125 742 1163 784 is
1198 748 1317 796 erat,
1349 757 1376 784 a
1407 741 1535 783 cuius
1568 753 1779 796 suprema

177 818 222 862 vi
253 833 306 862 ac
339 819 569 863 voluntate
603 820 753 863 omnia
783 820 858 863 illa
890 819 1010 863 dona
1029 819 1166 863 tribui
1189 820 1371 875 scirent,
1405 834 1541 877 quum
1563 818 1779 862 malorum

177 913 412 940 numerum
445 899 662 955 maiorem
692 914 791 942 esse
825 914 958 955 quam
990 899 1212 942 bonorum
1233 899 1552 957 intelligerent,
1565 896 1598 955 ³)
1632 911 1779 954 neque

177 983 352 1033 tamen,
384 985 462 1021 aut
506 978 614 1035 quid
663 978 747 1022 sibi
788 985 865 1022 aut
903 978 1084 1035 quando
1125 985 1202 1022 aut
1240 985 1426 1036 propter
1464 993 1575 1035 quas
1617 992 1775 1020 causas

179 1063 443 1100 eventurum
478 1064 619 1115 esset,
659 1058 901 1115 quidquam
944 1059 1162 1115 comperti
1193 1056 1475 1115 haberent,⁴)
1509 1073 1597 1114 qua
1629 1062 1777 1099 autem

177 1136 368 1191 ratione,
401 1137 524 1193 quod
557 1138 718 1195 cuique
754 1138 1025 1181 destinatum
1059 1144 1195 1193 esset,
1228 1143 1385 1194 posset
1417 1136 1573 1179 evitari
1595 1136 1775 1178 omnino

177 1215 454 1274 ignorarent,
466 1216 499 1272 ⁵)
539 1216 735 1273 ideoque
776 1216 865 1259 diei
904 1217 1074 1259 laetitia
1105 1222 1350 1259 terreretur
1381 1221 1628 1258 nocturnae
1662 1214 1779 1257 cala-

177 1294 343 1339 mitatis
376 1295 778 1355 exspectatione,⁶)
819 1312 908 1353 quo
951 1301 1085 1354 pacto
1118 1300 1298 1353 poterat
1327 1294 1449 1350 fieri,
1489 1294 1596 1351 quin
1628 1293 1781 1350 δαίμο-

176 1389 253 1424 νος
294 1380 340 1417 et
387 1375 687 1432 appellatione
738 1382 783 1417 et
828 1375 1103 1434 cogitatione
1150 1374 1293 1417 intimi
1333 1373 1467 1416 animi
1506 1388 1596 1416 non
1637 1372 1782 1416 solum

179 1468 351 1497 summa
382 1454 616 1512 religione,
650 1454 730 1498 sed
764 1454 895 1497 etiam
928 1454 1111 1498 horrore
1146 1453 1339 1511 quodam
1373 1468 1425 1496 ac
1457 1458 1578 1496 metu
1600 1451 1783 1509 perfun-

278 1675 312 1720 1)
353 1694 424 1717 ,,-
452 1671 511 1710 ἐπὶ
534 1672 606 1721 γὰρ
632 1672 736 1721 ζυγὸς
760 1672 890 1721 ἀυχὲνι
913 1677 1062 1710 κεῖται.“
1119 1674 1228 1711 Hom.
1246 1674 1382 1720 Hymn.
1402 1672 1484 1709 Cer.
1505 1673 1586 1705 217.
1605 1668 1652 1707 cf.
1670 1669 1782 1707 Pind.

177 1735 283 1773 Nem.
301 1736 388 1773 VII.
416 1738 450 1770 6.

276 1797 312 1842 2)
357 1796 518 1844 Saepius
545 1799 638 1833 haec
664 1798 853 1835 sententia
879 1797 982 1845 apud
1000 1801 1152 1834 veteres
1178 1796 1289 1833 redit.
1348 1795 1409 1831 Ita
1438 1795 1478 1830 in
1508 1794 1619 1830 Hom.
1646 1793 1781 1839 Hymn.

180 1856 262 1893 Cer.
286 1859 376 1893 147:
1016 1879 1020 1883 .

370 1923 507 1962 ,,Μαῖα,
533 1921 636 1955 θεῶν
658 1918 731 1968 μὲν
756 1918 867 1968 δῶρα,
893 1918 955 1955 καὶ
980 1917 1180 1966 ἀχνύμενοί
1203 1928 1282 1964 περ,
1308 1914 1480 1962 ἀνάγκη

373 1977 586 2028 τέτλαμεν
602 1978 810 2026 ἄνθρωποι·
838 1978 879 2024 δὴ
905 1978 976 2028 γὰρ
1002 1977 1089 2015 πολύ
1116 1977 1288 2026 φέρτεροί
1305 1975 1432 2013 εἰσιν.“

176 2038 227 2075 Et
251 2049 380 2077 rursus
406 2039 573 2089 inferius,
602 2044 696 2078 216:

395 2101 512 2145 ,,Ἀλλά
537 2106 638 2138 θεῶν
661 2102 733 2151 μὲν
757 2102 868 2151 δῶρα,
895 2102 956 2137 καὶ
981 2101 1180 2150 ἀχνύμενοί
1205 2111 1282 2148 περ,
1310 2097 1450 2145 ἀνάγκη

397 2162 609 2213 τέτλαμεν
633 2163 839 2213 ἄνθρωποι·
867 2161 940 2199 ἐπὶ
965 2162 1047 2211 γὰρ
1075 2159 1203 2209 ζυγὸς
1228 2159 1389 2208 ἀυχὲνι
1413 2163 1592 2195 κεῖται.“

178 2224 228 2259 Et
255 2223 460 2271 Theognis,
489 2229 579 2262 444:

617 2309 684 2331 ‚,—
714 2285 911 2322 ἀθανάτων
937 2284 977 2321 δὲ
1004 2284 1118 2325 δόσεις

471 2353 634 2383 παντοῖαι
659 2352 843 2391 θνητοῖσιν
869 2345 1073 2394 ἐπέρχεται·
1101 2343 1173 2379 ἀλλ’
1200 2343 1449 2391 ἐπιτολμᾶν

543 2406 627 2456 χρὴ
656 2406 755 2455 δῶρ’
781 2405 1035 2450 ἀθανάτων,
1063 2401 1122 2442 οἷα
1148 2403 1307 2440 &trovam
1333 2401 1468 2450 ἔχειν.“

179 2469 225 2506 cf.
245 2471 354 2506 Hom.
375 2470 444 2506 Od.
463 2471 605 2507 XVIII.
629 2473 715 2516 1423
744 2471 786 2505 Il.
805 2470 888 2514 XX,
909 2471 991 2502 264.

278 2533 313 2575 3)
356 2529 440 2573 ,ζῈν
473 2529 562 2577 παῤ
588 2528 719 2565 ἐσλόν
753 2528 930 2577 πήματα
966 2527 1133 2563 σύνδυο
1170 2526 1379 2562 δαίονται
1404 2529 1542 2571 βροτοῖς
1568 2522 1782 2559 ἀθάνατοιέ(

178 2592 285 2629 Pind.
306 2592 417 2640 Pyth.
437 2592 504 2628 III.
527 2596 582 2626 81.

272 2656 309 2698 4)
353 2654 461 2689 Pind.
482 2654 586 2690 Nem.
606 2654 671 2699 VI,
692 2656 731 2699 63
761 2653 816 2689 01.
835 2653 921 2697 XII,
943 2656 983 2698 ’ῖς
1010 2652 1117 2688 Nem.
1137 2651 1205 2696 XI,
1224 2653 1289 2696 433
1317 2650 1417 2691 Isth..
1431 2650 1516 2695 VII,
1539 2651 1592 2683 14.

279 2716 314 2759 5)
359 2714 557 2761 Theognis
585 2717 674 2750 381:

421 2773 538 2818 »Οὐδὲ
563 2787 594 2808 τι
618 2773 835 2823 κεκριμένον
859 2772 970 2821 πρὸς
996 2771 1213 2820 δαίμονός
1238 2770 1312 2807 ἐστι
1336 2776 1525 2819 βροτοῖσιν,

472 2834 552 2872 οὐδ’
578 2834 664 2871 ὅδόν
689 2834 732 2880 ἤν
756 2847 805 2876 τις
831 2833 898 2870 ἰών
923 2832 1160 2870 ἀθανάτοισιν
1186 2832 1305 2870 ἅδοι.“

278 2901 314 2943 6)
356 2899 465 2934 Pind.
486 2897 543 2934 Ol.
560 2897 610 2942 Π,
630 2898 689 2941 30,
708 2907 764 2944 sq.
