1927 3218
953 122 1019 176 86

274 263 329 306 In
362 263 593 319 omnibus,
628 278 742 320 quae
776 263 922 307 adhuc
955 262 1307 321 disputavimuS,
1340 278 1393 307 ea
1413 265 1624 321 δαίμονος
1643 265 1782 325 notio,

186 358 275 398 qua
306 344 566 386 universum
599 343 827 399 quoddam
859 358 1025 385 numen
1050 342 1248 385 divinum
1272 343 1516 401 significat,
1537 344 1778 401 praevalet.

182 419 277 465 Sed
309 421 689 478 quemadmodum
722 421 844 479 apud
874 421 1124 465 Homerum
1157 421 1372 477 viduum,
1404 423 1466 466 ita
1495 424 1627 466 etiam
1661 422 1781 481 apud

181 515 260 542 eos
301 502 570 557 scriptores,
610 501 666 543 de
706 501 868 556 quibus
911 502 1106 559 agimus,
1145 502 1314 556 δαίμων
1353 501 1631 559 singulorum
1672 502 1780 544 deo-

182 594 280 621 rum
313 579 556 622 admodum
589 579 802 635 frequens
836 579 1078 637 appellatio
1113 586 1204 634 est,
1237 580 1364 622 cuius
1386 580 1451 622 rei
1474 594 1609 623 causa
1633 588 1678 623 et
1698 596 1780 638 per

179 672 226 699 se
260 664 387 715 patet
419 664 464 700 et
496 673 633 715 supra
664 658 861 700 indicata
894 664 975 700 est.
1039 658 1198 714 Itaque
1239 659 1453 715 primum,
1502 659 1537 701 si
1570 660 1779 715 δαίμονες

177 752 363 779 numero
412 737 573 793 plurali
613 737 749 793 positi
781 744 908 791 sunt,
942 743 1018 779 aut
1035 738 1071 780 si
1093 738 1263 792 δαίμων
1284 737 1459 780 adiecta
1481 738 1628 794 aliqua
1648 753 1777 793 voce,

176 815 301 857 velut
339 816 424 869 τίς,
466 816 719 858 accuratius
767 815 978 858 definitus
1019 822 1109 870 est,
1157 830 1336 873 semper
1376 816 1684 874 significantur
1717 816 1778 859 dii

176 900 254 936 aut
301 873 460 949 aliquis
509 894 718 948 deorum,
766 910 994 950 nunquam
1044 901 1192 937 autem
1241 896 1401 952 genius
1449 895 1533 938 diis
1580 896 1775 938 inferior.

177 972 421 1016 Praeterea
454 973 587 1016 etiam
630 972 854 1016 interdum
898 988 953 1016 ex
993 974 1315 1017 sententiarum
1355 974 1657 1033 perpetuitate
1700 990 1777 1031 ap-

175 1059 327 1109 paret,
361 1059 533 1095 certum
566 1052 762 1107 aliquem
796 1053 929 1095 deum
963 1053 1037 1095 illo
1072 1054 1252 1095 nomine
1285 1053 1626 1112 intelligendum
1660 1068 1773 1095 esse.

177 1295 236 1331 Tu
262 1296 345 1341 ipse
371 1296 442 1332 tibi
467 1296 562 1332 haec
588 1296 813 1333 contraxisti
841 1299 879 1331 et
904 1306 980 1330 non
1007 1305 1075 1341 per
1101 1295 1232 1340 alium,
1266 1296 1330 1341 qui
1361 1299 1400 1332 te
1432 1296 1606 1342 superior
1631 1296 1698 1341 sit,
1729 1296 1775 1331 iis

174 1355 334 1403 teneris3
368 1356 573 1403 siquidem,
607 1367 721 1403 quum
754 1356 885 1392 liceret
920 1366 1076 1401 sapere,
1116 1367 1185 1402 pro
1219 1356 1374 1392 meliore
1408 1362 1512 1392 sorte
1548 1356 1775 1392 deteriorem

174 1416 527 1462 elegisti.-Omnis
554 1420 679 1453 autem
707 1414 909 1452 difficultas
936 1417 1009 1452 sita
1022 1419 1080 1452 est
1096 1416 1132 1451 in
1160 1416 1340 1453 librorum
1356 1417 1560 1463 scriptione
1572 1415 1661 1463 τύχᾳ
1673 1415 1772 1465 τῷδε,

149 1484 242 1522 ‘pro
270 1488 346 1523 qua
372 1477 436 1513 alii
463 1476 643 1514 exhibent
667 1475 768 1523 τῇδε,
795 1477 995 1513 Triclinius
1020 1475 1123 1524 τᾷδες
1151 1488 1248 1524 quae
1275 1488 1388 1524 quum
1414 1482 1534 1514 metro
1565 1488 1643 1514 non
1674 1475 1772 1513 suffi=

173 1542 320 1583 cerent,
346 1537 430 1584 τῖδε
455 1541 582 1574 autem
608 1541 647 1573 et
672 1536 757 1584 τᾷδε
782 1539 890 1574 nimis
917 1539 1029 1574 etiam
1055 1542 1310 1574 correctorem
1327 1542 1519 1584 saperent,
1537 1539 1772 1574 Hermannus

173 1609 242 1644 pro
269 1596 363 1647 τῷδε
388 1598 539 1645 scripsit
566 1594 655 1641 ὦδε,
683 1598 766 1635 aliis
793 1599 907 1634 etiam
934 1598 984 1634 ad
1011 1598 1271 1645 antistrophae
1297 1609 1465 1634 normam
1491 1597 1640 1634 refictis.
1683 1597 1772 1634 Mihi

172 1662 297 1694 autem
322 1657 431 1707 τῷδε,
458 1659 562 1705 quod
589 1663 740 1695 veteres
766 1659 850 1695 libri
877 1662 1050 1704 tuentur,
1085 1670 1197 1705 quum
1230 1670 1305 1705 qua
1341 1659 1487 1694 ratione
1530 1662 1666 1695 contra
1696 1657 1770 1694 usi-

171 1718 377 1755 tatissimas
403 1719 668 1765 grammatices
694 1719 845 1765 regulas
871 1719 1078 1765 irrumpere
1104 1719 1285 1765 potuerit,
1312 1730 1389 1755 non
1416 1729 1615 1765 assequar,
1641 1718 1770 1764 genui-

170 1790 258 1815 num
284 1790 390 1824 esse,
416 1778 508 1826 τύχᾳ
533 1784 658 1816 autem
685 1780 806 1825 primo
833 1779 884 1815 ad
910 1779 1176 1825 explicandum
1193 1778 1284 1827 τῷδε
1300 1780 1607 1825 superscriptum,
1635 1783 1771 1825 postea

170 1840 207 1876 in
233 1840 356 1886 ipsum
385 1851 535 1877 versum
561 1844 759 1886 receptum
786 1851 870 1877 esse
898 1840 1061 1877 videtur.
1114 1841 1249 1887 Itaque
1275 1852 1351 1877 non
1380 1840 1534 1886 dubito,
1566 1844 1689 1877 totum
1715 1840 1769 1876 lo-

170 1911 253 1936 cum
280 1904 319 1937 et
344 1901 394 1936 ad
421 1911 571 1937 sensum
598 1904 636 1938 et
663 1900 712 1937 ad
740 1901 1016 1947 antistropham
1043 1901 1332 1937 accommodate
1359 1901 1413 1937 sic
1438 1900 1665 1937 rescribere:

389 1959 465 2005 »Σύ
490 1974 558 2005 τοι,
587 1959 630 1996 σύ
656 1974 709 1996 τοι
732 1960 968 2005 κατηξίωσας,
996 1958 1028 1996 ὦ
1053 1960 1276 2010 βαρύποτμε,
1301 1959 1391 1997 κούκ

388 2021 520 2058 ἅλλοθε
544 2021 631 2072 τῷδ’
656 2020 776 2069 ἐνέχει
800 2020 870 2058 ἀπὸ
894 2022 1068 2070 μείζονος,

386 2081 468 2120 εὖτέ
491 2095 536 2132 γε
558 2082 675 2133 παρὸν
700 2085 883 2132 φρονῆσαι

386 2148 447 2181 τοῦ
473 2144 606 2195 λῴονος
632 2144 803 2193 δαίμονος
826 2144 921 2180 εἵλου
949 2143 985 2180 τὸ
1011 2145 1139 2180 κακίον
1164 2144 1314 2182 αἰνεῖν.“

174 2206 375 2242 Consentit
400 2206 659 2253 antistropha,
686 2206 718 2242 si
744 2203 833 2253 ἄρά,
863 2216 961 2252 quae
987 2205 1046 2243 bis
1072 2206 1199 2253 posita
1225 2205 1357 2253 friget,
1384 2206 1498 2243 semel
1525 2206 1693 2243 eiicitur:

386 2265 565 2315 ,,Πότμος,
592 2265 726 2314 πότμος
751 2277 791 2302 σε
816 2265 1003 2314 δαιμόνων
1027 2265 1119 2309 τάδ’,
1146 2265 1233 2303 οὐδὲ
1259 2266 1301 2302 σέ
1324 2278 1369 2313 γε
1395 2266 1495 2307 δόλος

387 2325 467 2373 ἔσχ’
493 2324 562 2362 find
587 2324 708 2374 χειρὸς
734 2324 842 2374 ἐμᾶς·
869 2325 1046 2375 στυγερὰν
1072 2326 1135 2374 ἔχε

384 2387 587 2436 δύσποτμον
611 2386 705 2436 ἀρὰν
730 2385 793 2423 ἐπ’
818 2386 943 2429 ἄλλοις.

382 2448 444 2483 καὶ
467 2447 539 2496 γὰρ
567 2446 650 2496 ε’μοὶ
674 2449 773 2483 τοῦτο
798 2446 917 2496 μέλει,
942 2445 996 2495 μή
1022 2447 1188 2495 φιλότητ’
1215 2446 1381 2494 ᾰπώσῃ.“

166 2510 226 2547 Ita
253 2514 373 2546 metra
398 2510 437 2546 in
462 2509 623 2556 stropha
650 2514 688 2546 et
714 2508 954 2556 antistropha
980 2520 1137 2555 prorsus
1164 2509 1423 2555 consentiunt,
1451 2514 1613 2555 excepto
1630 2509 1766 2546 utrius-

170 2582 245 2618 que
271 2581 385 2607 versu
411 2571 563 2617 ultimo,
591 2571 656 2618 qui
681 2571 719 2607 in
745 2570 906 2616 stropha
931 2570 1053 2616 prima
1078 2570 1171 2606 sede
1199 2570 1405 2606 diiambum
1429 2569 1564 2617 habet,
1590 2570 1651 2606 cui
1677 2570 1767 2607 cho-

165 2632 331 2669 riambus
357 2632 394 2668 in
421 2631 662 2678 antistropha
687 2631 919 2679 respondet3
946 2630 993 2676 ,id
1021 2631 1126 2678 quod
1153 2630 1247 2669 alias
1280 2631 1391 2668 etiam
1423 2631 1625 2668 invenitur.
1677 2631 1765 2669 Vid.

163 2694 353 2729 Hermann
380 2693 430 2728 ad
458 2692 576 2739 Soph.
596 2692 759 2729 Philoet.
781 2693 885 2728 1088.
939 2692 1027 2728 Scio
1053 2691 1226 2738 quidem,
1254 2691 1290 2727 in
1315 2691 1501 2738 particula
1524 2691 1662 2729 suffixa
1685 2695 1768 2728 θεν

162 2768 185 2789 ν
209 2765 287 2791 non
314 2754 437 2791 omitti
463 2754 586 2790 solere
614 2753 684 2789 nisi
710 2753 748 2788 in
779 2753 912 2799 paucis
946 2753 1124 2798 vocibus,
1159 2753 1265 2788 velut
1295 2752 1332 2788 in
1366 2751 1506 2800 ἔνερθε,
1537 2750 1694 2801 ὕπερθε,
1727 2756 1767 2789 et

163 2827 240 2851 non
267 2814 415 2851 memini
441 2825 499 2850 me
526 2815 654 2859 legere
681 2811 813 2848 ἅλλοθε
840 2825 909 2859 pro
937 2811 1091 2848 ἅλλώεν
1116 2813 1308 2859 scriptum.
1353 2813 1430 2849 Sed
1455 2824 1531 2849 non
1556 2817 1652 2860 puto
1669 2813 1767 2850 hane

162 2875 352 2912 licentiam
362 2879 507 2911 tantam
515 2885 611 2919 esse,
621 2878 663 2909 ut
672 2873 884 2920 Sophocles
896 2885 979 2910 eam
990 2873 1063 2911 sibi
1074 2886 1149 2910 non
1160 2873 1452 2920 permittendam
1463 2884 1546 2911 esse
1557 2874 1761 2911 censuerit.
