1927 3218
697 628 1131 706 THESES.

223 860 269 916 1)
301 859 495 901 Tantum
529 858 709 913 scimus,
742 864 956 915 quantum
991 873 1158 901 sumus.

219 939 267 994 2)
303 937 531 981 Summum
565 936 873 995 philosophiae
896 937 1163 995 principium
1193 937 1447 980 necessario
1481 938 1525 980 in
1551 938 1709 980 mentis

301 1015 520 1058 humanae
554 1021 712 1059 natura
742 1016 938 1073 positum
972 1023 1041 1057 est

220 1095 269 1153 3)
302 1094 426 1138 Nihil
459 1094 602 1138 credit
633 1094 929 1152 philosophia,
961 1094 1255 1152 philosophus
1287 1095 1438 1138 multa.

223 1174 272 1232 4)
304 1173 513 1218 Libertas
546 1180 591 1217 et
622 1174 870 1218 necessitas
900 1180 998 1217 toto
1031 1189 1197 1233 genere
1231 1173 1409 1217 diversa
1440 1181 1580 1219 sunt.-

221 1255 268 1311 5)
302 1253 407 1296 Non
440 1254 493 1308 is,
527 1254 600 1310 qui
636 1254 883 1297 contemnit
913 1268 985 1296 res
1016 1253 1246 1308 humanas,
1280 1253 1360 1297 sed
1393 1254 1469 1310 qui
1499 1260 1621 1296 reete
1655 1253 1711 1297 de

301 1333 355 1375 iis
386 1332 570 1386 iudicat,
603 1333 782 1390 sapiens
814 1331 1047 1375 habendus
1082 1339 1163 1375 est.

220 1412 267 1468 6)
300 1412 475 1454 Artium
510 1411 674 1453 veritas
707 1411 892 1454 veritate
925 1426 1071 1454 rerum
1105 1427 1194 1454 non
1229 1412 1336 1454 satis
1369 1411 1590 1455 definitur.

221 1491 266 1547 7)
300 1489 568 1532 Aristoteles
601 1489 829 1548 religionis
862 1489 949 1532 vim
985 1505 1037 1532 ac
1070 1496 1270 1533 naturam
1289 1506 1378 1532 non
1395 1497 1517 1533 recte
1535 1489 1711 1533 videtur

304 1568 592 1611 intellexisse.

216 1647 264 1703 8)
300 1646 351 1689 In
387 1647 572 1690 Aristot.
606 1646 808 1704 Metaph.
843 1646 954 1701 XII,
989 1647 1027 1689 7.
1063 1648 1125 1704 (p.
1154 1647 1284 1702 1072,
1313 1646 1357 1701 b,
1386 1648 1427 1690 2.
1452 1647 1521 1690 ed
1544 1647 1710 1704 Bekk.)

298 1731 418 1767 reete
460 1740 507 1767 se
540 1726 691 1768 habet:
735 1725 859 1782 »ἔστι
888 1725 967 1784 γάρ
997 1742 1099 1769 τινι
1128 1723 1175 1769 τὸ
1208 1718 1261 1770 οὗ
1290 1724 1430 1781 ἕνεκα,
1463 1718 1523 1770 ὧν
1553 1724 1599 1769 τὸ
1630 1724 1711 1782 μὲν

296 1803 397 1860 ἔστι,
430 1803 477 1848 τὸ
508 1804 552 1848 δ’
570 1804 648 1849 οὐκ
678 1804 823 1849 ἔστυνέ

218 1884 266 1941 9)
299 1882 412 1927 Ibid.
448 1885 512 1942 (p.
542 1884 672 1940 1072,
705 1900 744 1940 a,
778 1885 849 1928 24.
886 1884 954 1927 ed.
988 1884 1153 1942 Bekk)
1185 1884 1425 1943 legendum
1461 1890 1549 1927 est.
1583 1882 1712 1940 ,ἐπεὶ

304 1961 352 2006 δὲ
379 1960 425 2006 τὸ
457 1962 713 2019 κινούμενον
744 1964 814 2007 καὶ
844 1965 991 2008 κινοῦν
1022 1963 1189 2019 μεσόν
1219 1981 1287 2019 τι,
1326 1964 1411 2008 καὶ
1442 1963 1551 2008 ἔστι
1581 1982 1648 2020 τι,
1682 1961 1709 2009 ὃ

296 2038 348 2087 οὗ
378 2040 633 2099 κυνούμενον
662 2046 801 2087 novel!

189 2122 264 2177 10)
296 2122 410 2163 Ibid.
445 2124 508 2178 (p.
537 2124 667 2174 1072,
700 2123 743 2175 b,
781 2125 850 2176 16,
884 2123 953 2164 ed.
987 2123 1152 2178 Bekk.)
1184 2123 1228 2164 in
1262 2120 1327 2181 ,,ἧ
1357 2120 1491 2182 ἡδονὴ
1523 2120 1708 2179 ἐνέργεια

292 2197 479 2245 τούτους(
510 2198 540 2261 ἦ
569 2198 738 2262 ἡδονὴ
759 2188 1074 2259 ‘praedicatum
1111 2206 1191 2243 est.

186 2281 260 2338 11)
294 2278 406 2323 lbid.
446 2279 546 2335 VII,
580 2281 620 2323 4.
656 2280 726 2338 (Z,
760 2296 803 2338 p.
842 2281 972 2335 1029,
1004 2279 1049 2335 b,
1085 2280 1152 2322 13.
1189 2279 1258 2322 ed.
1292 2280 1456 2337 Bekk.)
1489 2286 1610 2323 recte
1643 2281 1707 2322 le-

294 2360 435 2416 gitur:
471 2358 594 2414 ,,ἔστι
613 2358 660 2403 τὸ
681 2362 722 2403 τί
741 2348 798 2419 ἦν
819 2351 930 2403 εἶναι
950 2357 1173 2403 ἕκαστον
1195 2356 1221 2403 ὃ
1242 2360 1406 2415 λέγεται
1425 2359 1527 2404 καθ’
1550 2358 1707 2404 αὖτό.“

190 2439 263 2496 12)
297 2438 433 2495 Apud
467 2438 700 2481 Platonem
733 2438 776 2481 in
808 2437 996 2481 Philebo
1029 2454 1071 2495 p.
1099 2438 1154 2480 66
1181 2437 1323 2481 A—C
1356 2438 1573 2481 bonorum
1608 2453 1708 2497 gra-

294 2517 377 2559 dus
410 2518 471 2560 ita
504 2517 806 2560 constituendi
840 2523 962 2560 sunt:

363 2601 399 2638 1.
433 2598 489 2639 A.
527 2597 709 2641 Summa
742 2597 840 2639 boni
869 2598 989 2649 idea,
1025 2595 1080 2639 ab
1114 2596 1233 2639 omni
1266 2596 1552 2639 concretione
1586 2611 1702 2638 mor-

521 2676 597 2719 tali
632 2680 887 2734 segregat-a,
920 2690 1002 2732 per
1035 2689 1082 2717 se
1118 2675 1383 2717 consistens.

359 2756 398 2799 2.
433 2755 484 2798 B.
512 2750 737 2799 Summum
748 2755 897 2797 bonum
908 2755 1156 2808 humanum,
1169 2754 1361 2797 adideae
1374 2752 1701 2796 similitudinem

522 2849 782 2891 expressum
802 2832 867 2891 (τὸ
882 2834 1004 2889 γένος
1018 2834 1321 2891 μεμιγμένον),
1351 2831 1471 2889 quod
1490 2831 1700 2874 efficitur:
