1927 3218
702 914 733 943 <s
897 855 992 918 DE

316 998 890 1087 GRAECORUM
930 1000 1556 1089 DAEMONIBUS.
1600 1036 1602 1038 ’

920 1295 963 1356 Ι.

265 1432 461 1473 Deorum
505 1430 707 1472 ordinem
748 1429 866 1485 apud
900 1429 1025 1485 ipsos
1057 1435 1258 1483 veteres,
1306 1431 1382 1485 qui
1414 1430 1470 1473 de
1503 1431 1638 1474 rebus
1672 1431 1738 1474 di-

140 1509 254 1552 vinis
319 1508 616 1564 scripserunt,
670 1506 774 1549 inde
831 1522 856 1549 a
903 1506 1090 1549 Thalete
1141 1514 1418 1564 exceperunt
1463 1509 1735 1564 δαίμονες.

139 1587 186 1630 Is
227 1587 343 1629 enim
383 1586 552 1643 primus
595 1585 750 1640 deum,
799 1585 1064 1640 daemones,
1112 1585 1273 1629 heroes
1314 1586 1572 1631 distinxisse
1616 1593 1661 1630 et
1691 1588 1736 1630 in

140 1666 284 1709 tribus
318 1665 549 1708 ordinibus
585 1665 870 1707 constituisse
903 1664 1106 1707 traditur.
1124 1664 1158 1722 1)
1206 1665 1319 1707 Post
1342 1681 1441 1708 eum
1467 1682 1621 1710 omnes
1642 1667 1736 1710 fere

139 1744 416 1802 philosophi,
455 1744 752 1802 Pythagorei,
791 1743 1114 1800 Empedocles,
1154 1743 1284 1787 Plato
1318 1751 1585 1802 veteresque
1617 1746 1737 1790 Aca-

143 1823 326 1878 demici,
375 1822 536 1878 Stoici,
593 1823 788 1866 omnium
829 1828 976 1865 autem
1018 1823 1206 1865 maxime
1255 1824 1517 1867 recentioris
1557 1824 1736 1867 scholae

138 1902 397 1945 Platonicae
439 1908 683 1944 sectatores
722 1902 908 1944 multum
950 1901 1005 1944 de
1047 1902 1313 1944 daemonum
1354 1909 1513 1945 natura
1552 1909 1597 1945 et
1636 1909 1736 1947 ortu

238 2098 272 2143 1)
314 2094 593 2144 Athenagoras,
610 2098 745 2144 Legat.
759 2107 829 2143 pro
846 2095 981 2133 Christ.
1003 2108 1038 2143 p.
1056 2100 1087 2131 8.
1108 2125 1124 2142 „
1139 2098 1281 2144 Πρῶτος
1296 2095 1409 2140 Θαλῆς
1424 2094 1563 2145 διαιρεῖ,
1581 2098 1630 2137 ὥς
1643 2096 1680 2131 οἱ
1693 2094 1736 2132 τὰ

137 2155 273 2194 ἐκείνου
287 2155 737 2206 διαιροῦντεςῦκριβοῦντες
748 2155 1050 2206 μνημονεύουσιν,
1076 2155 1143 2196 εἰς
1166 2155 1247 2192 θεὰ
1258 2170 1295 2200 ν,
1322 2155 1380 2197 εἰς
1406 2155 1646 2205 δαίμονας,
1673 2155 1736 2198 εἰς

139 2218 285 2265 ἥρωας·
311 2216 576 2267 ἇλλαθεὸνμὲν
586 2217 742 2254 τόννοῦν
752 2216 959 2267 τοῦκόσμου
970 2216 1118 2265 εἰσάγει,
1140 2209 1363 2266 δαίμονας
1380 2216 1426 2253 δὲ
1442 2216 1589 2259 οὐσίας
1603 2225 1734 2265 ψυχι-

137 2277 230 2324 κάς,
242 2279 303 2315 καὶ
314 2278 432 2328 η’ρωας
441 2278 501 2321 τὰς
510 2276 781 2328 κεχωρισμένας
790 2276 911 2326 ψυχὰς
920 2280 994 2314 τῶν
1004 2277 1204 2322 ἅνθώπων,
1232 2276 1398 2325 ἆγαθοῦς
1413 2277 1485 2327 μὲν
1502 2277 1562 2320 τοὶς
1580 2277 1734 2326 ἀγαθάς,

137 2339 268 2381 κακοὺς
299 2339 339 2375 δὲ
370 2338 431 2380 τὰς
461 2339 634 2388 ‹pannas-‚¹⁴
699 2341 758 2376 De
790 2339 961 2376 Thaletis
1002 2339 1250 2377 daemonibus
1291 2338 1337 2376 cf.
1370 2340 1470 2376 Plut.
1496 2340 1628 2376 Placit.
1655 2340 1736 2386 phi-

144 2402 213 2439 los.
240 2403 283 2448 1.‚
311 2405 353 2448 83
379 2401 493 2448 Diog.
520 2402 645 2437 Laert.
672 2401 702 2446 I,
730 2403 796 2448 ‘373
822 2399 940 2437 Arist.
966 2400 1039 2437 An.
1065 2401 1095 2447 I,
1116 2404 1135 2435 2
1155 2404 1194 2436 et
1212 2403 1244 2436 5.
1298 2400 1402 2444 Quae
1421 2400 1469 2437 ab
1488 2400 1737 2447 Athenagora

140 2463 191 2499 ad
217 2463 415 2499 Thaletem
439 2461 601 2499 refertur
626 2462 746 2509 prima
772 2462 884 2498 trium
909 2461 1042 2498 horum
1069 2462 1241 2498 ordinum
1270 2462 1481 2508 distinctio,
1509 2462 1559 2498 ad
1585 2462 1735 2508 elegan-

137 2523 272 2559 tiorem
301 2523 557 2570 distinguendi
583 2526 622 2559 et
648 2522 862 2569 explicandi
889 2521 1155 2569 subtilitatem,
1192 2523 1317 2569 qualis
1344 2534 1366 2558 a
1399 2522 1637 2569 philosophis
1671 2522 1735 2558 de-

138 2582 346 2629 sideratur,
372 2583 563 2630 pertinere
590 2584 711 2620 solum
738 2586 885 2630 potest;
922 2595 1035 2630 quum
1062 2584 1165 2630 apud
1190 2583 1400 2620 Hesiodum
1426 2584 1499 2619 iam
1532 2583 1735 2619 daemones

138 2654 161 2679 a
189 2642 279 2688 diis,
307 2653 329 2677 a
357 2643 605 2694 daemonibus
631 2643 768 2680 heroes
795 2644 948 2681 omnino
976 2644 1149 2681 diversos
1175 2634 1258 2681 esse
1286 2647 1324 2680 et
1341 2647 1417 2679 tam
1435 2646 1605 2690 tempore
1624 2653 1735 2690 quam

140 2702 326 2750 dignitate
352 2714 397 2739 ac
422 2707 617 2750 potestate
645 2715 686 2741 se
713 2704 895 2751 deinceps
922 2705 1097 2753 excipere
1124 2705 1296 2742 sciamus.
1355 2703 1442 2740 Vid.
1475 2703 1630 2740 Hesiod.
1665 2702 1734 2750 Op.

144 2765 353 2799 109—173.
406 2764 529 2808 Quare
554 2765 782 2802 Plutarchus
807 2776 884 2802 non
920 2776 943 2801 a
968 2765 1149 2812 Thalete,
1181 2765 1250 2802 sed
1276 2765 1324 2802 ab
1351 2764 1520 2801 Hesiodo
1546 2764 1645 2800 illius
1679 2763 1733 2799 di-

142 2824 359 2862 stinctionis
385 2824 609 2871 principium
636 2825 786 2875 repetit.
841 2826 941 2864 Plut.
975 2826 1058 2865 Def.
1093 2837 1193 2864 orac.
1227 2837 1257 2864 c.
1290 2829 1354 2874 103
1386 2825 1474 2862 voll.
1502 2824 1568 2871 IX,
1600 2836 1636 2872 p.
1663 2826 1734 2859 314

139 2885 201 2926 ed·
226 2886 381 2924 Hutten·
