1927 3218
958 126 986 174 6

173 276 218 312 et
256 269 518 313 muneribus
558 275 603 312 et
642 268 872 312 ordinibus
912 267 1230 325 quaesiverunt
1279 273 1325 310 et
1372 267 1580 310 dixerunt
1626 271 1671 308 et
1709 266 1766 310 ad

172 363 298 391 suam
340 348 530 404 quisque
570 348 789 391 rationem
830 347 1112 403 adaptarunt.
1182 345 1237 389 In
1285 362 1374 401 qua
1410 362 1458 389 re
1499 359 1766 403 quamquam

170 427 268 470 fieri
300 444 391 470 non
424 427 594 485 potuit,
634 428 740 484 quin
776 427 975 470 diversas
1009 442 1144 483 saepe
1179 426 1424 469 sententias
1458 431 1768 483 sequerentur,

171 506 217 548 in
259 521 312 548 eo
346 512 495 548 tamen
536 521 691 548 omnes
725 511 1073 559 consenserunt,
1121 510 1172 546 ut
1204 503 1443 547 definirent
1475 520 1553 548 eos
1585 511 1767 550 naturas

172 584 389 640 quasdam
412 585 586 627 divinas
610 593 655 626 et
685 585 1006 642 intelligentes,
1040 600 1153 639 quae
1178 583 1261 625 diis
1283 583 1534 637 inferiores,
1566 586 1767 641 superio-

171 678 243 706 res
276 662 531 706 hominibus
566 669 741 718 essent,
774 669 908 719 atque
941 663 1058 705 inter
1090 668 1305 718 utrosque
1338 661 1510 705 mediae
1544 663 1671 718 quasi
1702 663 1769 706 in-

171 743 399 785 teriectae.
475 741 568 786 Sed
611 744 677 786 ita
722 758 770 786 re
820 743 1064 786 constituta
1109 742 1347 799 plurimum
1388 747 1676 785 recesserunt
1712 742 1768 786 ab

172 822 456 879 antiquorum
490 823 758 880 scriptorum
792 823 1131 879 rationevatque
1165 837 1272 877 usu,
1312 822 1432 880 apud
1472 837 1585 879 quos
1616 822 1768 877 δαίμο-

170 917 247 952 νος
277 902 345 944 vis
385 902 525 945 multo
565 902 697 945 latius
738 909 863 959 patet
899 908 1080 958 tamque
1122 902 1322 945 diversas
1354 902 1561 960 amplecti
1593 900 1770 944 videtur

173 981 435 1036 sententias,
467 987 518 1024 ut
547 981 691 1039 primo
726 987 913 1038 aspectu
945 981 1137 1035 nescias,
1169 972 1369 1025 numdii
1399 981 1770 1040 ipsi-significen-

172 1066 245 1102 tur
278 1076 334 1102 an
367 1066 527 1103 natura
564 1059 784 1116 quaedam
826 1060 977 1103 divina
1010 1060 1063 1103 ab
1097 1061 1150 1104 iis
1184 1060 1383 1116 diversa,
1431 1061 1631 1118 haecque
1665 1076 1769 1103 num

173 1139 258 1182 diis
290 1140 474 1181 inferior
507 1155 562 1181 an
596 1139 801 1196 superior
833 1140 985 1196 potius
1018 1139 1259 1183 iudicanda
1292 1141 1360 1182 sit.
1425 1142 1577 1196 Atque
1613 1140 1769 1183 eadem

171 1218 513 1273 incertitudine,
554 1234 668 1275 quae
708 1234 790 1262 nos
833 1234 967 1276 saepe
1002 1219 1164 1276 premit
1197 1218 1476 1268 Graecorum
1510 1220 1676 1277 scripta
1706 1220 1770 1262 le-

174 1305 350 1357 gentes,
383 1297 549 1341 Graeci
582 1299 713 1341 etiam
737 1299 822 1355 ipsi
845 1298 1138 1353 tenebantur,
1178 1298 1397 1354 siquidem
1432 1299 1513 1342 sub
1547 1299 1653 1342 belli
1684 1299 1771 1341 Pe-

172 1378 482 1435 loponnesiaci
518 1379 652 1421 finem
695 1378 985 1432 dubitabant,
1033 1378 1239 1434 δαίμονες
1271 1395 1374 1421 num
1410 1385 1562 1422 essent
1592 1379 1679 1436 ipsi
1711 1378 1771 1421 dii

173 1473 229 1499 an
264 1457 403 1514 spurii
435 1456 615 1514 quidam
645 1456 835 1499 'deorum
868 1456 1018 1512 liberi,
1051 1457 1123 1499 vel
1156 1472 1179 1499 e
1214 1456 1435 1514 Nymphis
1475 1457 1547 1499 vel
1588 1472 1642 1499 ex
1676 1457 1771 1501 aliis

173 1537 406 1592 quibusvis
440 1537 652 1592 suscepti.
668 1536 699 1591 1)
756 1535 908 1590 Quare
931 1537 1089 1579 mirum
1112 1553 1202 1578 non
1226 1543 1308 1590 est,
1342 1538 1615 1580 recentiores
1639 1538 1770 1580 etiam

172 1616 442 1673 interpretes
481 1615 525 1658 in
568 1614 835 1673 explicanda
874 1615 958 1658 hac
997 1630 1109 1658 voce
1154 1630 1288 1672 saepe
1331 1621 1487 1658 nutare
1530 1622 1575 1659 et
1607 1615 1771 1660 distin-

173 1696 321 1737 ctione
347 1710 446 1737 -non
479 1696 586 1737 satis
620 1701 744 1737 certa
776 1702 869 1737 tum
910 1695 1073 1749 fatum,
1121 1703 1214 1736 tum
1256 1694 1411 1749 deum,
1459 1702 1552 1738 tum
1586 1696 1766 1753 genium

171 1774 470 1831 interpretari.

294 1851 424 1907 Quae
473 1853 868 1911 interpretationes
918 1870 1184 1911 quamquam
1233 1855 1420 1897 veritate
1469 1870 1559 1897 non
1602 1860 1770 1909 carent,

171 1939 322 1976 tamen
355 1948 446 1976 non
480 1948 576 1976 eam
609 1939 794 1978 movent
826 1934 1144 1993 cogitationem
1186 1949 1237 1977 ac
1271 1949 1475 1989 sensum,
1524 1934 1598 1991 qui
1631 1933 1769 1977 verbo

173 2011 352 2056 Graeco
392 2014 436 2055 in
478 2013 753 2057 audientium
793 2015 864 2057 vel
904 2014 1150 2072 legentium
1191 2014 1346 2057 animis
1387 2014 1569 2057 excitari
1603 2028 1770 2070 eosque

171 2094 355 2137 horrore
390 2094 585 2150 quodam
619 2094 769 2139 divino
803 2095 1047 2152 percellere
1080 2095 1272 2150 videtur,
1305 2112 1450 2152 neque
1484 2097 1770 2154 conspicuam

171 2174 343 2217 faciunt
390 2189 605 2217 summam
654 2174 773 2216 illam
822 2175 1110 2228 sententiam,
1160 2189 1273 2229 quae
1323 2175 1521 2233 singulas
1564 2176 1770 2218 notiones

172 2256 374 2297 continet
405 2255 450 2296 in
482 2254 626 2309 iisque
660 2260 886 2310 tamquam
921 2269 1065 2312 genus
1097 2254 1142 2295 in
1175 2254 1377 2310 partibus
1410 2255 1519 2297 vivit
1551 2270 1603 2298 ac
1625 2256 1769 2313 viget3

171 2351 253 2393 per
301 2349 433 2390 quam
477 2333 616 2377 solam
655 2333 752 2376 fieri
782 2325 963 2391 potuit,
1012 2339 1061 2377 ut
1101 2332 1258 2377 eadem
1298 2350 1385 2377 vox
1425 2333 1543 2391 apud
1578 2334 1770 2380 eundem

172 2414 437 2472 scriptorem
492 2412 549 2456 ad
604 2412 804 2455 diversas
862 2427 932 2455 res
986 2411 1305 2471 significandas
1354 2412 1553 2456 adhiberi
1601 2419 1768 2471 posset.

172 2495 379 2549 Namque
421 2493 465 2534 in
506 2492 694 2534 vocibus
737 2490 1014 2548 explicandis
1054 2492 1210 2534 eadem
1251 2492 1534 2534 observanda
1572 2493 1644 2534 lex
1687 2491 1769 2548 esf,

274 2776 305 2820 1)
347 2794 413 2820 „—-
442 2772 570 2822 εἰμὲν
594 2774 678 2809 θεοί
713 2771 803 2814 τινές
837 2772 930 2809 εἰσιν
964 2774 1000 2808 οἱ
1034 2771 1201 2821 δαίμονες
1239 2792 1272 2798 -—
1319 2772 1353 2808 εἰ
1387 2771 1468 2809 δἀὖ
1508 2776 1607 2810 θεῶν
1646 2771 1771 2814 παῖδές

170 2834 241 2873 εἰσι
265 2834 373 2870 νόθοι
398 2833 488 2874 τινὲς
519 2833 540 2878 ἢ
566 2832 606 2870 ἐκ
631 2836 792 2882 νυμφῶν
818 2833 850 2883 ἢ,
865 2832 905 2869 ἔκ
931 2845 1037 2870 τινων
1063 2831 1190 2879 ἄλλων,
1218 2830 1270 2870 ὧν
1296 2832 1337 2879 δὴ
1363 2834 1423 2870 καὶ
1448 2832 1647 2882 λέγονται.“
1671 2834 1767 2873 Plat.

170 2881 339 2945 'Apolog.
380 2908 416 2945 p.
445 2899 489 2931 27
516 2896 562 2934 D.
