1927 3218
898 123 962 172 29

136 272 203 315 vis
226 267 421 323 ''su'mma'
439 280 493 308 eo
531 280 673 321 usque
712 264 986 324 agnoscitur,
1018 271 1068 308 ut
1099 267 1221 323 apud
1242 263 1526 323 Aeschylum
1549 264 1728 324 Clytae-

137 354 346 400 mnestra,
378 347 517 401 quum
538 344 889 403 AgamemnOnis
911 343 1075 387 caedes
1097 343 1405 388 vehementius
1429 344 1468 387 ei
1487 340 1729 402 exprobra-

137 428 237 479 tur,
263 423 534 467 assentiente
575 424 669 465 fere
711 423 871 477 choro,
910 423 954 465 in
1004 439 1092 479 quo
1134 421 1275 480 ipsius
1315 430 1475 480 poetae
1516 423 1728 467 iudicium

137 502 284 557 video,
317 517 407 545 non
440 516 504 556 se,
538 500 617 544 sed
640 516 722 544 sua
736 501 894 559 *specie
917 500 1121 544 indutum
1143 508 1340 544 veterem
1363 501 1490 544 Atrei
1514 500 1729 560 ἀλάστορα

135 581 308 626 facinus
341 586 573 625 cruentum
606 580 891 639 perpetrasse
923 579 1180 624 contendat.
1196 579 1230 639 ¹)

261 660 424 717 Neque
459 660 574 703 enim
607 660 695 715 hic,
729 659 849 717 apud
871 658 1146 717 Aeschylum
1180 667 1310 715 certe,
1343 660 1463 717 apud
1485 675 1618 716 quem
1641 662 1730 718 pri·

137 757 257 784 mum
289 740 420 783 huius
453 739 644 783 nominis
676 753 805 782 usum
827 737 1069 796 invenio,⁹)
1102 754 1247 796 neque
1272 738 1392 796 apud
1416 737 1728 798 Sophoclemff)

138 819 365 862 maleficus
399 817 577 875 quidam
601 818 773 876 genius*
794 823 876 873 est,
909 833 997 874 quo
1030 832 1163 860 sensu
1196 818 1402 874 δαίμονες
1429 816 1663 876 ἀλάστορες
1685 826 1730 860 et

140 899 215 954 qui
236 897 353 941 idem
376 898 469 940 fere
488 897 652 953 valent,
669 897 938 953 παλαμναῖοι
955 903 1000 940 et
1015 895 1301 956 ἅποτρόπαιοι
1317 897 1437 955 apud
1454 898 1729 955 posteriores

140 991 275 1034 saepe
295 975 565 1034 dicuntur,⁴)
599 991 821 1033 quemque
845 977 1120 1020 recentiores
1144 977 1276 1020 etiam
1302 977 1486 1035 tragicis
1516 975 1602 1019 illis
1633 976 1729 1019 vin-

139 1054 412 1113 dicarunt35)
454 1071 609 1098 verum
663 1055 1035 1110 quemadmodum
1085 1055 1203 1113 apud
1246 1055 1492 1099 Homerum
1539 1056 1729 1110 δαίμονα

140 1300 275 1346 culpae
302 1299 443 1337 vindex
455 1303 513 1337 est
525 1302 592 1336 aut
615 1300 826 1346 praesentis
844 1299 1007 1337 criminis
1024 1300 1127 1336 ultor
1142 1298 1290 1337 futurus
1306 1301 1470 1337 timetur.
1513 1299 1571 1337 Cf.
1591 1301 1728 1339 Aesch.

138 1360 274 1408 Agam.
300 1363 388 1396 1468
417 1364 456 1397 et
483 1362 596 1408 14753
613 1361 719 1397 Pers.
740 1362 829 1408 3493
850 1360 984 1408 Suppl.
1004 1362 1073 1396 398
1092 1372 1149 1408 sq.
1170 1360 1288 1408 Soph.
1309 1360 1403 1398 Oed.
1422 1361 1505 1398 Col.
1526 1364 1608 1399 788.
1642 1361 1729 1399 Jam

139 1433 231 1459 vero
259 1433 372 1470 quum
397 1421 469 1459 hac
494 1432 591 1459 voce
616 1422 771 1469 proprie
805 1420 1038 1469 significetur
1069 1432 1205 1458 numen
1237 1422 1405 1459 divinum
1438 1422 1621 1459 scelerum
1653 1432 1728 1459 me-

138 1494 237 1529 mor,
264 1494 348 1519 cum
372 1483 518 1529 hacque
544 1481 821 1529 significatione
846 1483 1045 1529 impiorum
1070 1483 1286 1529 persecutio
1312 1483 1514 1520 coniuncta
1531 1483 1592 1529 sit,
1617 1481 1728 1520 facile

144 1543 384 1591 intelligitur,
411 1554 486 1589 qua
511 1543 657 1580 ratione
683 1543 782 1580 Aiax
808 1543 1039 1580 Graecorum
1056 1543 1172 1579 duces
1189 1540 1386 1590 ἀλάστορας
1411 1543 1546 1589 (Soph.
1565 1543 1626 1580 Ai.
1642 1544 1727 1589 373)

143 1607 182 1641 et
219 1604 400 1640 Hercules
436 1603 584 1640 leonem
621 1604 848 1641 Nemeaeum
872 1601 1054 1650 βουκόλων
1088 1600 1268 1652 ἆλάσωρα
1305 1603 1439 1650 (Soph.
1458 1603 1726 1661 Trach.1094)

139 1665 265 1702 dicere
291 1665 497 1712 potuerint.
557 1664 770 1702 Similitudo
797 1665 894 1702 enim
920 1664 969 1702 ab
995 1665 1152 1712 effectu,
1170 1694 1173 1697 .
1192 1676 1269 1702 non
1301 1675 1324 1701 a
1356 1675 1471 1706 causa
1501 1665 1624 1713 petita
1655 1668 1725 1702 est.

135 1724 337 1774 Ἀλάστορες
368 1730 512 1773 autem,
539 1737 637 1773 quae
662 1726 827 1763 insanias
860 1725 1069 1763 effectrices
1107 1726 1282 1763 dicuntur
1313 1726 1416 1773 apud
1449 1725 1569 1773 Soph.
1588 1725 1725 1763 Trach.

142 1790 245 1834 1237,
272 1787 352 1824 sine
380 1787 497 1824 dubio
523 1787 659 1823 Furiae
685 1791 791 1834 sunt,
825 1788 863 1824 in
890 1798 984 1834 quas
1010 1787 1167 1834 propria
1199 1787 1305 1824 vocis
1335 1788 1444 1824 notio
1478 1787 1613 1824 eodem
1645 1787 1727 1824 iure
1792 1782 1795 1784 ’

138 1848 258 1895 cadit,
285 1859 361 1895 quo
386 1846 574 1897 μνήμονας
598 1858 663 1885 eas
690 1849 875 1895 appellari
900 1848 1074 1884 vidimus.

240 1911 272 1955 1)
315 1909 452 1946 Aesch.
473 1908 608 1956 Agam.
633 1912 735 1956 1465,
754 1910 840 1946 coll.
864 1912 968 1945 1475.

235 1972 270 2016 2)
314 1970 485 2014 Quatuor
523 1970 618 2007 locis
660 1973 758 2017 apud
798 1970 1030 2017 Aeschylum
1068 1968 1233 2018 ἀλάστωρ
1272 1971 1454 2007 occurrit:
1497 1970 1628 2017 Suppl.
1656 1973 1726 2006 399

139 2027 238 2075 (θεὸς
262 2028 458 2079 dadam„
485 2031 620 2078 Agam.
646 2033 734 2066 1468
762 2034 800 2068 et
830 2032 941 2078 14753
968 2031 1074 2068 Pers.
1094 2033 1177 2067 348.

234 2092 270 2136 3)
314 2090 432 2138 Soph.
453 2091 547 2129 Oed.
567 2091 647 2128 Col.
669 2094 757 2138 7883
785 2091 919 2127 Trach.
945 2094 1033 2126 123⁷
1061 2095 1100 2128 et
1129 2095 1240 2139 10943
1267 2092 1326 2129 Ai.
1347 2095 1429 2127 373.

235 2152 273 2197 4)
314 2152 415 2188 Plut.
433 2150 583 2189 Defect.
604 2162 705 2188 orac.
726 2162 758 2187 c.
782 2154 824 2185 14
851 2154 890 2188 et
919 2154 982 2199 153
1010 2152 1171 2188 Pausan.
1191 2153 1239 2198 II,
1270 2156 1326 2199 18,
1346 2156 1388 2199 ‘23
1417 2152 1466 2188 al.

235 2214 270 2258 ὁ)
313 2213 412 2250 Vide
443 2213 635 2260 Musgrav.
669 2213 720 2250 ad
752 2212 869 2259 Soph.
895 2212 956 2250 Ai.
982 2214 1065 2259 243,
1100 2217 1139 2250 et
1163 2214 1339 2252 Johnson
1363 2213 1456 2251 ibid.
1488 2214 1591 2259 1214,
1628 2223 1727 2260 quos

138 2276 270 2310 contra
297 2273 493 2320 disputant
517 2274 749 2310 Hermannus
776 2278 814 2309 et
831 2273 1058 2311 Lobeckius.
1100 2273 1153 2311 Cf.
1173 2276 1318 2320 Petere,
1336 2274 1585 2320 Theologum.
1606 2273 1725 2320 Soph.

138 2346 174 2382 p.
196 2338 239 2369 10
265 2334 499 2380 (Monasterii
527 2336 634 2380 1845>
662 2337 700 2371 et
718 2334 898 2381 Clausen,
923 2334 1175 2383 Theologum.
1195 2335 1372 2383 Aeschyl.
1391 2347 1427 2382 p.
1450 2338 1506 2372 ιο.

234 2394 351 2442 Apud
378 2394 585 2432 Stobaeum
612 2395 763 2442 quidem
788 2395 862 2432 iam
887 2395 1092 2443 Zaleucus,
1119 2396 1271 2433 celeber
1295 2396 1357 2433 ille
1383 2397 1591 2432 Locrorum
1615 2395 1725 2442 legis—

138 2456 259 2503 lator,
285 2456 358 2493 hoe
383 2455 534 2493 nomine
558 2456 731 2503 genios
756 2456 941 2493 ultores
966 2457 1149 2504 appellat.
1199 2456 1392 2504 Praecipit
1417 2456 1513 2493 enim
1540 2456 1586 2502 ei,
1613 2466 1724 2503 quem

137 2514 239 2554 forte
265 2517 416 2554 malus
441 2518 605 2565 genius
632 2515 790 2566 (δαίμων
814 2515 935 2564 κακὸς)
962 2517 1012 2554 ad
1037 2517 1210 2554 iniuriam
1235 2517 1446 2555 faciendam
1478 2516 1619 2554 illicere
1644 2520 1724 2553 ten-

136 2580 211 2624 tet,
238 2581 280 2614 ut
305 2578 355 2614 ad
393 2577 549 2615 deorum
581 2589 666 2615 aras
701 2583 739 2615 et
773 2578 995 2626 sapientium
1031 2580 1196 2616 virorum
1227 2579 1484 2616 institutiones
1517 2576 1727 2626 confugiat,

138 2637 313 2684 omnique
340 2638 455 2674 modo
483 2638 531 2675 ab
567 2639 715 2676 iniustis
749 2639 962 2676 actionibus
989 2644 1142 2686 caveat,
1168 2639 1342 2683 »δείσας
1366 2638 1587 2687 δαίμονας
1614 2636 1724 2674 «²202-

138 2701 329 2746 στορας.“
379 2699 439 2735 Ita
464 2699 562 2735 enim
587 2700 712 2736 locum
738 2703 957 2747 corruptum
982 2700 1264 2737 rescribendum
1289 2710 1375 2737 esse
1392 2710 1528 2737 censeo
1555 2710 1627 2746 pro
1652 2697 1724 2734 δει-

137 2756 367 2807 mammon
419 2758 529 2796 Stob.
550 2759 667 2797 serm.
686 2761 804 2798 XLII.
823 2773 861 2808 p.
880 2764 962 2807 279,
989 2760 1051 2798 ed.
1070 2761 1228 2798 Gesner.
1254 2752 1378 2808 Lug-d.
1401 2763 1504 2796 1609.
1557 2759 1635 2796 Sed
1652 2759 1725 2796 etsi

137 2819 320 2858 Zaleucus
345 2819 445 2867 ipse,
473 2831 583 2868 quem
607 2820 793 2859 Eusebius
818 2822 855 2859 in'
882 2821 1068 2859 Chronico
1089 2821 1151 2858 'ad
1168 2821 1226 2859 01.
1255 2824 1311 2857 29.
1350 2820 1484 2867 refert,
1522 2831 1598 2856 uno
1642 2821 1723 2857 sae-

138 2882 224 2919 culo
251 2884 290 2919 et
314 2880 470 2919 dimidio
496 2881 677 2930 Aeschyli
703 2886 866 2922 aetatem
891 2883 1085 2921 antecedit
1111 2883 1213 2928 (vide
1239 2883 1400 2930 Bentley
1425 2882 1544 2929 Epist.
1570 2881 1722 2920 Phalar.
