1927 3218
943 116 1011 163 40

179 256 373 314 denique
409 258 525 300 vitae
557 258 779 301 fortunam
814 272 865 300 ac
900 256 1201 300 conditionem
1233 257 1444 313 δαίμονος
1474 256 1517 300 vi
1540 262 1585 300 et
1616 262 1767 301 aucto-

177 336 308 379 ritate
342 337 632 380 constitutam
667 352 767 380 esse
800 336 1031 394 putabant.
1734 335 1737 337 ’

302 415 465 472 Neque
498 415 775 470 tamen-hic,
808 414 1185 472 quemadmodum
1209 415 1373 473 singuli
1396 413 1675 459 Graecorum
1693 414 1771 470 dii,

178 493 233 536 ad
254 493 493 537 dilucidam
529 499 677 537 certae
718 488 939 552 personae
980 494 1176 551 speciem
1217 493 1520 537 conformatus
1568 501 1682 550 erat,
1726 494 1772 537 in

177 589 266 629 qua
299 584 421 616 more
454 573 648 617 humano
682 574 801 616 clara
833 574 981 616 omnia
1013 589 1065 616 ac
1116 573 1357 630 perspicua
1406 580 1577 626 essent3
1626 588 1771 631 neque

176 652 334 706 etiam,
366 657 592 708 tamquam
625 652 835 695 universa
867 651 1087 708 quaedam
1119 652 1192 694 lex
1225 651 1438 694 naturalis
1470 651 1514 694 in
1554 652 1662 710 ipsis
1702 668 1771 695 re-

176 729 262 773 bus
294 730 449 785 insita,
482 731 665 787 propria
697 746 778 773 sua
808 731 853 772 vi
886 737 931 773 et
962 736 1121 772 natura
1154 730 1332 773 omnino
1374 730 1577 785 carebat,
1623 746 1649 773 a
1685 746 1774 787 qua

179 808 372 851 numinis
406 808 544 851 divini
576 808 966 866 interpretatione,
1028 808 1197 866 quippe
1240 808 1433 852 omnium
1473 809 1663 852 maxime
1704 825 1772 852 ra-

176 887 287 930 tioni
321 886 540 930 humanae
575 888 821 943 contraria,
855 903 1010 931 sanum
1045 903 1096 931 ac
1130 888 1311 946 sapiens
1346 886 1624 931 Graecorum
1657 888 1773 933 iudi-

176 967 293 1009 cium
327 972 430 1009 aute
466 966 835 1024 philosophorum
868 973 1072 1024 tempora
1105 967 1285 1009 omnino
1309 966 1485 1020 aberat3
1519 967 1600 1010 sed
1628 967 1773 1011 infini-

175 1051 270 1088 tum
304 1045 531 1102 quoddam
571 1061 737 1088 numen
778 1052 895 1101 erat,
942 1046 1124 1089 notione
1165 1044 1358 1089 obscura
1397 1052 1691 1104 conceptum,
1727 1047 1772 1090 in

181 1139 269 1180 quo
303 1124 447 1182 magis
481 1123 619 1167 divini
651 1124 826 1182 imperii
848 1124 1223 1182 incomprehensa
1245 1124 1492 1167 necessitas
1516 1140 1648 1181 quam
1671 1141 1772 1183 per-

176 1203 333 1260 spicua
372 1203 593 1260 sapientia
632 1202 977 1261 agnoscebatur.
1052 1201 1210 1256 Quam*
1239 1203 1506 1245 sententiam
1545 1204 1773 1260 praeclare

177 1281 400 1338 expressit
432 1281 726 1336 Aristoteles,
760 1297 896 1338 quum
929 1287 1132 1324 naturam
1165 1287 1352 1338 propter
1384 1281 1537 1323 miram
1581 1282 1675 1325 eius
1729 1288 1776 1325 et

176 1374 382 1402 arcanam
415 1359 779 1415 fabricationem,
812 1375 902 1403 non
936 1345 1128 1417 sapienti
1161 1358 1505 1414 deliberatione,
1539 1375 1653 1416 quae
1677 1376 1773 1403 cer-

174 1443 246 1481 tos
286 1437 400 1481 fines
439 1438 666 1495 sequitur,
714 1438 795 1482 sed
834 1438 967 1481 insita
1007 1437 1198 1495 quadam
1239 1438 1509 1481 necessitate
1557 1438 1772 1482 directam

175 1518 432 1574 δαιμονίαν,
466 1534 557 1560 non
588 1519 723 1563 θείαν
756 1533 855 1561 esse
891 1517 1120 1575 diceret.¹)

265 1595 425 1652 Itaque
459 1596 671 1652 δαίμονος
702 1596 848 1650 notio,
882 1596 966 1638 etsi
999 1596 1194 1638 omnium
1228 1595 1415 1639 deorum
1449 1596 1630 1639 numina
1653 1612 1772 1640 com-

175 1675 477 1732 plectebatur,
516 1681 666 1717 tamen
701 1691 791 1718 non
825 1690 968 1730 usque
1004 1675 1061 1717 ad
1093 1675 1181 1717 vim
1213 1675 1381 1717 liberae
1416 1676 1600 1729 mentis,
1654 1691 1769 1731 quae

176 1752 368 1810 sapienti
400 1752 573 1795 ratione
608 1767 659 1795 ac
694 1753 880 1796 consilio
907 1753 1104 1795 omnium
1138 1768 1284 1795 rerum
1317 1753 1431 1795 fines
1465 1753 1774 1810 constitueret,

176 1832 356 1875 exculta
388 1837 496 1875 erat.
563 1830 710 1885 Quam
744 1833 801 1876 ob
833 1848 926 1874 rem
960 1832 1184 1886 homines,
1218 1848 1356 1888 quum
1388 1833 1433 1874 in
1458 1848 1510 1874 eo
1535 1838 1682 1876 certas
1703 1849 1773 1875 ra-

173 1911 406 1954 tionesac
440 1925 624 1966 causas,
658 1910 823 1968 quibus
855 1911 1060 1954 instituta
1093 1916 1137 1953 et
1175 1911 1294 1954 facta
1334 1911 1428 1954 eius
1469 1917 1658 1968 possent
1698 1926 1774 1955 ex-

173 1990 352 2047 plicari,
385 2005 476 2032 non
508 1989 782 2044 invenirent,
816 1990 920 2046 quia
951 2005 1077 2032 mens
1110 1989 1300 2032 hamana
1339 1988 1444 2032 nihil
1484 1990 1665 2033 omnino
1705 1991 1772 2034 in-

173 2069 358 2127 telligit,
392 2068 475 2111 nisi
510 2067 633 2125 quod
665 2068 722 2111 ad
754 2069 917 2112 mentis
960 2069 1177 2111 rationem
1220 2074 1265 2111 et
1302 2069 1450 2127 legem
1490 2069 1645 2112 referri
1693 2085 1775 2127 po-

173 2154 286 2203 test,
319 2147 375 2192 ab
410 2148 506 2191 eius
549 2148 823 2206 cogitatione
864 2148 1129 2205 plerumque
1182 2147 1500 2191 relabebantur
1548 2148 1605 2192 ad
1644 2156 1773 2192 notas

174 2227 454 2286 singulorum
487 2226 676 2270 deorum
709 2242 944 2284 personas,
978 2233 1023 2270 et
1054 2227 1211 2270 horum
1245 2226 1554 2270 voluntatibus
1589 2233 1635 2271 et
1663 2227 1776 2287 legi-

174 2307 259 2350 bus
294 2312 340 2349 et
370 2306 631 2349 muneribus
664 2306 781 2349 illius
814 2307 902 2349 vim
937 2306 1223 2349 definiebant.
1295 2305 1436 2349 Velut
1472 2306 1518 2349 in
1560 2306 1777 2364 Aeschyli

173 2386 540 2443 Agamemnone,
572 2391 812 2442 postquam
848 2384 1208 2442 Clytaemnestra
1237 2384 1455 2442 perfidam
1488 2385 1633 2428 mariti
1674 2400 1777 2428 cae-

174 2463 275 2507 dem
309 2463 366 2507 ad
398 2463 735 2507 Tantalidarum
766 2465 957 2520 δαίμονα
989 2464 1142 2507 retulit
1174 2469 1425 2518 auctorem,
1458 2463 1646 2518 chorus,
1678 2464 1775 2507 infi-

172 2544 307 2585 nitam
331 2543 446 2585 hanc
467 2543 555 2585 vim
580 2543 708 2599 quasi
728 2543 1044 2600 interpretans,
1076 2543 1109 2587 J
1121 2558 1272 2586 ovem
1303 2543 1612 2598 παναίτιον,
1645 2558 1776 2588 παν-

173 2624 350 2683 εργέτη
364 2639 412 2678 ν,
490 2622 585 2665 sine
626 2639 714 2679 quo
787 2622 894 2666 nihil
956 2623 1211 2666 hominibus
1270 2622 1517 2677 accideret,
1563 2623 1774 2666 facinoris

273 2866 307 2911 1)
350 2865 513 2904 Aristot.
533 2865 581 2903 de
599 2865 727 2904 Divin.
745 2865 783 2903 in
809 2876 929 2903 somn.
958 2876 991 2902 c.
1009 2865 1043 2901 2.
1063 2862 1109 2904 cf.
1128 2865 1229 2903 Part.
1249 2876 1310 2903 an.
1329 2866 1359 2914 1,
1379 2868 1413 2903 5.
