1927 3218
912 114 976 169 1⁷

146 274 276 319 minis
323 272 473 314 locum
520 266 673 324 plures
722 262 784 306 dii
815 262 1178 317 concessissent,
1220 274 1384 304 nomen
1418 253 1598 316 quidem
1629 258 1738 302 illud

146 352 278 397 unius
311 337 543 393 cuiusdam
575 342 767 388 numinis
800 341 1119 400 cogitationem
1149 339 1384 392 movebat3
1417 338 1500 382 sed
1529 338 1616 381 iam
1649 352 1740 381 non

146 438 236 474 tam
266 439 401 470 unum
423 424 563 477 deum,
596 436 729 478 quam
763 421 1028 464 divinitatem
1050 435 1184 462 unam
1215 412 1467 477 significare
1499 421 1690 474 poterat.
1705 416 1740 474 ¹)

147 510 297 562 Atque
337 502 448 545 haec
487 499 753 559 significatio
785 498 890 542 iude
930 498 986 542 ab
1018 497 1227 541 Homero·
1245 511 1402 554 -usque
1444 496 1501 539 ad
1539 495 1741 539 Platonis

145 590 350 640 tempora
378 580 514 638 longe
547 577 835 622 usitatissima
863 577 960 620 fuit.
1387 593 1393 596 -
1699 572 1701 574 ’

268 657 408 716 Apud
444 656 695 700 Homerum
734 656 872 715 igitur
907 648 1076 713 δαίμων
1111 654 1303 713 primum
1347 660 1418 697 est
1447 656 1649 698 universa
1679 655 1744 696 vie

148 755 200 782 ac
231 740 426 782 voluntas
459 738 621 789 divina,
655 751 745 777 una
775 735 974 778 notione
991 733 1331 792 comprehensa,
1363 747 1666 790 expressaque
1697 732 1743 775 in

150 833 203 861 eo
243 821 313 859 est
344 813 537 858 obscura
569 812 789 870 quaedam
829 813 1044 873 cogitatio
1084 813 1218 856 unius
1259 827 1312 855 ac
1344 812 1503 855 summi
1535 811 1744 865 numinis,

151 894 273 953 quod
295 893 572 951 singulorum
596 892 781 935 deorum
804 893 987 936 numina
1016 892 1061 934 in
1095 906 1143 934 se
1166 892 1295 947 quasi
1323 891 1583 949 coniungat,
1614 905 1744 947 prae-

150 975 371 1032 cipueque
421 986 674 1030 supremam
722 971 914 1016 fatorum
963 970 1319 1030 designationem
1370 975 1415 1013 et
1462 968 1744 1012 effectionem

149 1052 323 1095 habeat.
389 1050 596 1106 Namque
638 1065 774 1106 quum
815 1047 876 1092 dii
916 1064 1070 1092 omnes
1103 1064 1229 1092 suam
1262 1050 1451 1105 quisque
1493 1055 1660 1091 certam
1692 1062 1745 1090 ac

150 1129 377 1173 definitam
409 1144 649 1186 personam
684 1133 886 1187 agerent,
919 1128 1045 1171 cuius
1085 1127 1419 1185 comparatione
1453 1125 1639 1171 consilia
1671 1141 1747 1170 eo-

149 1223 246 1251 rum
278 1207 548 1249 necessitate
583 1205 775 1263 quadam
806 1207 995 1250 naturali
1028 1207 1385 1261 continerentur,
1417 1206 1565 1249 nullus
1598 1211 1745 1248 autem

150 1301 303 1329 eorum
335 1285 587 1328 universam
619 1285 707 1328 vim
741 1285 933 1328 divinam
964 1286 1008 1328 in
1043 1299 1091 1327 se
1125 1284 1392 1328 cumulatam
1424 1284 1630 1337 haberet;
1670 1299 1748 1326 ne-

150 1379 237 1421 que
277 1363 334 1407 ad
372 1363 549 1422 singula
588 1379 816 1421 quaeque,
863 1365 909 1407 in
950 1363 1112 1421 quibus
1151 1369 1354 1422 potestas
1395 1362 1546 1406 divina
1592 1377 1748 1406 cerne-

149 1442 301 1497 batur,
335 1440 591 1497 efficienda,
632 1458 778 1500 neque
819 1443 876 1486 ad
907 1458 1054 1486 rerum
1087 1443 1344 1486 universum
1378 1442 1601 1499 quendam
1641 1457 1749 1486 con-

153 1536 336 1564 sensum
370 1528 416 1564 et
447 1521 649 1564 ordinem
683 1521 1045 1565 constituendum
1069 1521 1366 1565 sufficiebant.
1418 1520 1571 1577 Quare
1595 1536 1749 1585 quam-

150 1600 216 1641 vis
259 1600 522 1657 plerumque
564 1600 793 1643 hominum
834 1602 968 1644 animi
1007 1601 1285 1658 singularum
1324 1616 1470 1643 rerum
1512 1615 1671 1643 causas
1704 1606 1750 1643 et

150 1683 338 1720 eventus
371 1677 427 1720 ad
467 1678 669 1736 singulos
711 1678 821 1722 deos
862 1679 1083 1723 referrent
1130 1679 1175 1722 in
1213 1679 1357 1736 iisque
1391 1670 1746 1738 acquiescerent,

149 1762 299 1799 tamen
331 1756 556 1799 interdum
588 1757 698 1815 ipsis
730 1773 877 1801 rerum
909 1758 1157 1801 rationibus
1199 1758 1257 1801 ad
1288 1758 1485 1801 universi
1517 1757 1749 1801 cuiusdam

150 1835 343 1879 numinis
396 1836 714 1894 cogitationem
768 1836 1098 1893 excitabantur,
1152 1837 1279 1880 cuius
1330 1852 1541 1895 suprema
1586 1837 1653 1880 vis
1704 1837 1749 1880 in

149 1914 370 1969 omnibus,
403 1930 516 1971 quae
548 1915 642 1959 sine
667 1916 930 1959 auctoritate
955 1916 1105 1967 divina
1133 1932 1223 1960 non
1246 1930 1381 1974 posse
1404 1915 1665 1959 viderentur
1687 1916 1751 1959 ef-

148 1992 236 2047 fici,
268 2000 536 2049 versaretur,
570 2000 616 2038 et
647 1995 924 2053 singulorum
957 1995 1144 2039 deorum
1175 1996 1357 2038 numina
1388 1995 1502 2038 infra
1534 2010 1582 2038 se
1614 1995 1751 2039 habe-

150 2078 233 2126 ret,
272 2072 317 2114 in
349 2072 492 2128 iisque
525 2080 751 2130 tamquam
789 2081 933 2117 totum
976 2075 1157 2131 aliquod
1193 2075 1379 2133 vigeret.
1444 2076 1596 2132 Atque
1639 2075 1750 2118 haec

150 2150 360 2193 universa
397 2151 464 2194 vis
505 2151 655 2195 divina
693 2152 938 2196 vocabatur
976 2154 1158 2218 δαίμᾳνν,
1191 2154 1295 2211 quia
1333 2153 1444 2197 haec
1482 2169 1570 2197 vox
1608 2154 1751 2212 magis

152 2228 284 2272 etiam
325 2245 458 2286 quam
497 2229 608 2282 θεὸς
645 2232 776 2275 unius
810 2232 1002 2276 numinis
1041 2233 1272 2276 notionem
1313 2239 1572 2276 servaverat
1610 2239 1655 2275 et
1695 2232 1752 2276 ad

152 2307 405 2351 universam
445 2315 714 2367 potestatem
756 2310 950 2354 divinam
992 2311 1326 2369 exprimendam
1373 2312 1418 2355 in
1463 2312 1615 2370 primis
1648 2317 1753 2369 apta

154 2386 401 2430 videbatur.
473 2389 544 2431 Ex
586 2389 654 2432 his
695 2405 803 2432 vero
843 2390 975 2433 etiam
1007 2396 1155 2447 patet,
1188 2406 1302 2447 quae
1341 2391 1457 2433 inter
1488 2392 1675 2446 δαίμονα
1708 2396 1754 2432 et

258 2570 291 2615 1)
333 2568 486 2606 Infinita
509 2571 607 2609 haec
630 2571 802 2622 δαίμονος
826 2573 955 2620 notio,
981 2584 1056 2620 qua
1073 2584 1210 2611 numen
1228 2573 1416 2621 sig-nificat
1432 2584 1571 2621 genere
1589 2573 1751 2621 quidem,

155 2639 233 2664 non
259 2632 385 2666 autem
419 2642 585 2677 persona
622 2640 755 2680 unum,
794 2644 816 2670 a
854 2634 1065 2682 plerisque,
1103 2634 1230 2681 priore
1267 2633 1332 2671 illa
1370 2635 1526 2680 omissa,
1565 2633 1751 2670 laudatur.

155 2690 334 2728 nullatus
359 2692 457 2729 enim
484 2691 643 2742 δαίμονα
666 2695 872 2742 explicat,
877 2696 942 2739 ‚als
975 2694 1026 2732 bie
1053 2695 1139 2741 nidyt
1164 2693 1411 2741 perfouficitte
1449 2694 1538 2731 allen
1564 2693 1750 2739 Φετῖοιιίᾗε

159 2750 319 2798 eituugen
346 2761 385 2798 gu
414 2749 563 2791 &tumbe
591 2748 741 2802 liegeube
768 2754 968 2800 &ottbeiw
1021 2756 1201 2803 Prolegg.
1220 2767 1257 2803 p.
1275 2756 1361 2793 245.
1379 2754 1436 2792 Of.
1455 2755 1571 2792 Gerh.
1588 2755 1750 2802 Mythol.

126 2836 129 2838 ·
156 2811 187 2858 Ῑ
205 2815 238 2856 §-
257 2812 292 2858 3‚
311 2813 344 2846 2·
370 2810 546 2851 Orcum.
566 2813 736 2863 Symbol.
755 2818 854 2863 p'122
881 2816 941 2854 ed.
959 2817 994 2853 3.
1013 2816 1168 2855 Nitzsch
1185 2815 1321 2863 explic.
1340 2816 1449 2853 Hom.
1465 2815 1536 2852 od.
1556 2815 1585 2853 Ι.
1603 2826 1695 2862 pag.
1706 2817 1751 2851 89

157 2882 213 2918 sq.
263 2872 406 2910 Preller
433 2873 694 2923 Mytholog.1,
713 2888 750 2923 p.
770 2879 852 2912 335.

1506 2942 1532 2985 2
