1927 3218
946 140 978 188 8

161 284 285 340 quod
317 282 439 340 apud
471 283 717 338 scriptores
749 281 1006 338 praeclaros
1039 287 1085 323 et
1116 280 1340 336 antiquos,
1372 285 1423 323 ut
1442 279 1693 325 Hesiodum
1717 288 1761 326 et

160 360 537 417 Archilochum¹),
569 375 618 402 re
649 374 757 402 vera
786 359 1001 415 δαίμονας
1031 374 1133 402 eum
1164 356 1397 418 δαημόνων
1435 359 1757 418 significatione

162 441 309 485 dictos
340 439 645 483 inveniebant.
712 437 806 482 Sed
843 443 994 481 tamen
1034 439 1239 493 δαίμονα,
1274 437 1351 481 ubi
1383 444 1586 484 naturam
1620 455 1756 497 quan-

161 520 263 564 dam
304 519 499 563 divinam
534 518 779 577 significat,
813 532 868 560 ne
902 516 957 560 ab
990 517 1063 560 illa
1098 516 1269 576 origine
1294 516 1571 562 descendere
1605 518 1757 563 creda-

160 615 282 654 mus,
323 604 536 642 constans
577 597 769 640 nominis
809 597 874 639 vis
915 611 967 638 ac
1001 597 1124 639 notio
1157 595 1380 653 prohibet.
1446 596 1609 653 Neque
1643 599 1757 642 enim

159 694 307 721 rerum
348 676 537 719 scientia
568 691 620 718 ac
653 675 934 733 cognitione,
967 690 1121 717 verum
1155 674 1467 718 distributione
1508 690 1561 717 ac
1594 679 1759 719 consti-

159 757 334 800 tutione
357 770 536 798 omnem
560 754 791 798 daemonis
814 759 1016 796 naturam
1040 753 1260 796 contineri
1280 752 1543 797 videbimus.
1607 754 1758 811 Atque

160 836 272 878 haec
307 833 574 892 significatio
607 832 684 887 ita,
717 832 891 888 opinor,
923 833 969 874 in
1002 838 1204 874 veterum
1227 830 1505 874 Graecorum
1537 831 1760 875 mentibus

160 899 373 973 vigebat,⁵
393 918 442 955 ut
475 927 565 955 non
597 911 822 954 laboriosa
844 910 1037 967 quadam
1060 910 1351 969 cogitatione,
1384 910 1466 954 sed
1497 911 1595 969 ipso
1628 911 1760 955 animi

161 1008 298 1037 sensu
329 992 541 1047 δαίμονος
572 990 800 1034 notionem
834 1005 859 1032 a
890 990 1044 1045 δαίειν,
1079 989 1121 1032 h.
1147 1005 1184 1032 e.
1216 990 1371 1046 partiri
1393 1005 1445 1033 ac
1479 989 1761 1045 distribuere,

159 1077 430 1131 repeterent.
497 1069 649 1125 Quare
684 1085 821 1126 quum
854 1069 1046 1112 Alcman
1079 1068 1266 1126 pulchra
1298 1068 1535 1113 verborum
1570 1069 1762 1112 colloca-

158 1152 296 1205 tione,
332 1156 379 1192 ut
408 1148 578 1199 πάλους
608 1164 710 1191 cum
748 1149 907 1202 πᾶλαι,
947 1149 1009 1190 ita
1048 1149 1312 1202 δαίμονας
1350 1163 1450 1190 cum
1490 1147 1763 1193 δάσασθαι

158 1233 466 1286 componeret,
476 1243 632 1271 omnes
643 1232 763 1271 certe
780 1226 917 1270 verbo
927 1225 1155 1271 δάσασθαι
1163 1242 1313 1270 veram
1323 1225 1544 1283 δαιμόνων
1555 1233 1600 1270 et
1616 1228 1761 1271 notio-

159 1324 262 1352 nem
298 1314 344 1350 et
375 1321 537 1350 munus
570 1306 715 1363 repeti
739 1305 1005 1348 sentiebant.
1071 1304 1126 1347 Id
1148 1305 1271 1361 quod
1293 1312 1469 1349 veteres
1492 1307 1762 1364 interpretes

159 1387 428 1441 ostendunt,
468 1401 626 1441 quum,
666 1391 715 1427 ut
756 1384 983 1441 propriam
1021 1385 1232 1439 δαίμονος
1270 1385 1498 1428 notionem
1524 1387 1761 1442 partitione

158 1475 198 1510 et
229 1466 525 1509 distributione
559 1462 624 1521 (ἐν
655 1464 851 1522 μερισμῷ
883 1462 955 1507 καὶ
985 1464 1207 1521 διαιρέσει)
1243 1463 1460 1507 contineri
1500 1463 1760 1522 probarent,

157 1545 241 1587 hac
279 1544 562 1602 potissimum
606 1543 836 1585 Alcmanis
877 1541 1072 1585 dictione
1117 1542 1186 1584 usi
1227 1541 1369 1600 sint2).
1442 1542 1577 1585 Unde
1617 1543 1760 1601 magis

159 1624 290 1667 etiam
313 1622 554 1680 intelligas,
586 1620 823 1664 Platonem
857 1621 913 1664 ad
936 1620 1188 1679 augendam
1210 1621 1425 1664 irrisionis
1449 1621 1535 1664 vim
1559 1621 1760 1665 studiose

159 1717 256 1745 eam
290 1700 584 1758 exquisivisse
617 1699 1054 1757 interpretationem,
1089 1714 1226 1755 quae,
1261 1714 1396 1755 quum
1429 1705 1615 1756 propter
1657 1715 1759 1757 spe-

158 1781 326 1824 ciosam
375 1778 600 1836 quandam
650 1779 895 1823 novitatem
946 1778 1172 1835 sophistae
1219 1779 1405 1821 vanitati
1451 1779 1762 1836 acceptissima

158 1866 293 1914 esset,
325 1856 447 1916 apud
468 1857 638 1916 peritos
661 1857 828 1915 optime
850 1856 1036 1901 ludendi
1060 1856 1293 1901 consilium
1316 1856 1541 1915 proderet.
1581 1855 1760 1912 Quodsi

254 2102 286 2147 1)
328 2098 579 2138 Archilochus
606 2100 710 2148 apud
734 2101 833 2137 Plut.
861 2100 926 2137 vit.
954 2100 1067 2137 Thes.
1097 2103 1116 2135 ὁ
1145 2100 1378 2146 (Archilochi
1411 2099 1543 2148 fragm.
1583 2103 1615 2136 3.
1649 2101 1757 2148 apud

155 2162 304 2209 Bergk:
332 2163 480 2199 Poetae
506 2163 595 2209 Lyr.
615 2162 694 2208 Gr.)
721 2163 769 2199 de
795 2162 1013 2199 Abantibus
1040 2163 1112 2198 ait:

500 2221 656 2267 „Toezizm-
679 2221 750 2270 γὰρ
775 2227 888 2258 κεῖνοι
914 2220 1131 2270 δαίμονές
1156 2221 1227 2258 εἰσι
1249 2226 1404 2271 μαχῆς.“

156 2283 273 2330 Apud
297 2282 508 2320 Hesiodum
541 2287 667 2320 autem
699 2283 767 2331 Op.
794 2287 875 2319 314.
933 2283 1079 2332 δαίμονι
1112 2284 1272 2321 eandam
1306 2295 1390 2322 esse
1423 2285 1749 2332 significationem,

157 2343 396 2391 Goettlingio
425 2344 538 2391 plane
565 2345 765 2382 assentior.

250 2406 285 2450 2)
329 2404 521 2442 Alcmanis
546 2406 654 2442 locus
681 2406 820 2453 legitur
847 2406 949 2453 apud
976 2406 1220 2443 scholiastam
1247 2406 1296 2442 ad
1322 2407 1364 2443 11.
1383 2407 1423 2443 Ι..
1450 2409 1544 2452 222,
1589 2406 1655 2443 ubi
1689 2418 1757 2444 usu

156 2464 330 2510 Homeri,
357 2465 422 2512 qui
449 2463 624 2513 δαίμονας
649 2478 719 2512 pro
748 2467 820 2503 diis
847 2467 1013 2512 dixerat,
1042 2467 1224 2513 monitus,
1251 2478 1365 2513 quum
1392 2466 1489 2503 hanc
1516 2478 1650 2504 vocem
1668 2478 1755 2504 con·

155 2525 275 2562 tinere
301 2525 463 2563 sentiret
487 2526 700 2574 notionem,
728 2537 826 2574 quae
852 2528 890 2563 in
915 2529 1018 2562 θεῶν
1041 2528 1193 2564 nomine
1220 2527 1390 2573 deesset,
1423 2538 1550 2564 veram
1577 2528 1657 2565 eius
1683 2529 1758 2565 vim

155 2587 371 2624 accuratius
397 2587 638 2625 indicandam
665 2599 749 2625 esse
775 2592 897 2634 ratus,
930 2586 1103 2631 ,,οὔτως,“
1127 2588 1268 2635 inquit,
1303 2587 1502 2636 ,,δαίμονας
1525 2589 1630 2625 καλεῖ
1650 2587 1759 2629 θεοὺς

154 2644 229 2690 ἧωι
253 2645 307 2682 ὅτι
333 2645 510 2696 δαήμονες
536 2669 581 2675 -
633 2646 655 2692 ἧ
680 2647 733 2684 ὅτι
759 2647 988 2693 διαιτηταί
1019 2647 1110 2684 εἰσι
1139 2648 1213 2684 καὶ
1247 2647 1473 2693 διοικηταὶ
1504 2652 1576 2685 τῶν
1607 2647 1758 2697 ἀνθρώ-

155 2720 253 2752 πων,
281 2707 331 2749 ὥς
355 2707 514 2757 Ἀλκμὰν
540 2708 558 2744 ὁ
583 2708 725 2757 λυρικός
750 2721 859 2758 φησι·

419 2768 529 2813 ,,,,“Ος
553 2768 672 2806 Fet-ssu
696 2770 819 2811 πάλοις
844 2770 952 2807 ἔπαλε
978 2770 1151 2819 δαίμονας
1176 2769 1202 2806 τ’
1229 2770 1419 2806 ἐδάσσατο·
1432 2775 1483 2791 ““

153 2828 232 2870 τούς
248 2828 505 2879 μερισμούς
520 2830 582 2866 καὶ
593 2830 634 2866 δι
644 2830 1007 2880 αιρέσειςαύταῑν.“
1024 2831 1078 2869 Cf.
1091 2832 1200 2869 Cram
1221 2832 1464 2870 Anecdot.T.
1476 2832 1587 2882 1V.p.
1607 2833 1757 2877 409,16.

153 2890 312 2928 Alcman
339 2889 473 2940 fragm.
501 2903 562 2941 ap.
580 2893 710 2940 Bergk
736 2894 759 2930 l.
778 2894 801 2930 l.
820 2905 856 2942 p.
878 2896 958 2928 552.
