1927 3218
908 99 975 147 41

150 241 408 288 effectorem
476 240 778 299 appellavit,¹)
831 245 877 285 et
928 239 1282 299 Clytaemnestra
1338 241 1438 298 ipsa
1484 241 1569 284 alio
1637 242 1738 285 loco

150 319 408 378 Parcam,')
441 320 688 379 Aegisthus
736 320 921 364 deorum
968 320 1179 363 iustitiam
1219 326 1264 362 et
1299 320 1458 363 Furias
1470 319 1507 378 ⁸)
1555 335 1732 364 causam

149 400 287 444 fuisse
321 399 541 443 dixerunt.
607 399 747 444 Simili
787 400 958 443 ratione
998 404 1195 443 mutuam
1234 398 1433 443 Eteoclis
1473 405 1519 442 et
1556 398 1738 457 Polyni-

150 478 215 521 cis
249 477 453 534 caedem,
487 494 618 536 quam
652 477 815 522 chorus
853 479 1067 535 δαίμονυς
1105 478 1148 521 vi
1188 477 1392 521 effectam
1431 492 1531 521 esse
1575 478 1739 521 sentie-

149 556 248 612 bat,
268 557 508 616 <Antigone
543 564 588 600 et
608 557 794 602 Jsmene
826 574 853 601 a
883 557 1029 601 Parca
1057 558 1222 601 infesta
1253 563 1298 600 et
1330 563 1425 600 atra
1444 557 1581 600 Furia
1607 572 1735 615 repe-

149 635 376 694 tierunt34)
450 641 495 679 et
547 635 753 694 Oedipus
794 636 1035 694 impietatis
1073 636 1337 692 vindictam,
1381 651 1512 693 quam
1550 637 1741 692 δαίμονα

149 730 176 756 a
205 714 421 772 Polynice
453 715 543 758 filio
576 716 870 773 repetiturum
902 715 1135 773 sperabat,
1167 714 1224 757 ad
1255 714 1385 759 Jovis
1416 715 1629 758 iustitiam
1670 730 1740 757 re-

149 793 339 836 vocavit.
357 791 393 851 ⁵)
444 792 537 836 Res
571 808 678 836 sane
696 799 946 837 memoratu
968 793 1252 852 dignissima,
1285 793 1390 851 quia
1411 799 1565 851 aperte
1589 798 1740 836 osten-

150 870 235 927 dit,
281 872 498 916 rationem
547 872 783 916 humanam
824 873 880 917 ad
938 872 1205 932 explicanda
1250 887 1398 916 rerum
1436 872 1656 931 principia
1695 878 1741 915 et

149 965 308 995 causas
359 952 406 994 in
437 951 609 995 infinita
640 952 788 1009 aliqua
818 958 977 996 natura
1008 952 1297 1009 acquiescere
1328 967 1420 995 non
1450 966 1610 1010 posse,
1658 951 1738 995 sed

148 1029 367 1087 postulari
398 1029 453 1073 ab
487 1046 541 1073 ea
580 1058 634 1063 —
683 1047 882 1090 ergoque
926 1032 1059 1075 etiam
1097 1046 1196 1075 esse
1243 1057 1303 1064 —
1354 1031 1442 1074 vim
1489 1036 1638 1074 mente
1687 1045 1739 1074 ac

147 1108 319 1150 ratione
351 1107 623 1165 praeditam,
676 1110 802 1153 cuius
842 1110 1034 1168 sapienti
1073 1110 1260 1154 oonsilio
1301 1124 1354 1152 ac
1385 1110 1616 1152 voluntate
1644 1114 1738 1152 tam

147 1201 297 1229 rerum
329 1187 524 1230 omnium
556 1203 688 1244 quam
721 1188 863 1246 ipsius
902 1189 1100 1232 infinitae
1139 1189 1256 1232 illius
1296 1194 1482 1231 naturae
1523 1188 1739 1230 constitu-

147 1265 211 1307 tio
245 1270 291 1308 et
322 1267 596 1323 comparatio
630 1267 925 1311 contineatur.

237 1343 397 1400 Itaque
429 1345 620 1400 δαίμων,
655 1346 857 1402 quamvis
889 1346 1086 1390 universi
1118 1346 1309 1389 numinis
1349 1345 1566 1389 infinitam
1608 1350 1739 1402 pote-

148 1428 308 1465 statem
342 1422 593 1479 cohiberet,
624 1429 797 1480 tamen,
830 1425 934 1482 quia
964 1425 1077 1469 haec
1117 1430 1321 1482 potestas
1363 1424 1526 1467 mentis
1573 1423 1738 1466 lumine

147 1518 237 1544 non
271 1502 532 1545 collustrata
570 1510 616 1546 et
656 1505 783 1560 quasi
827 1504 1040 1548 distincta
1078 1511 1195 1560 erat,
1235 1504 1429 1560 ideoque
1468 1504 1513 1546 in
1554 1518 1602 1546 se
1643 1508 1741 1546 erat

147 1579 412 1623 abscondita
434 1587 480 1623 et
511 1581 727 1638 obscura,
761 1599 787 1625 a
808 1583 1085 1642 singulorum
1111 1582 1296 1625 deorum
1319 1582 1525 1639 personis
1549 1587 1594 1623 et
1615 1596 1739 1624 men-

147 1658 266 1701 tibus
299 1660 427 1714 quasi
456 1659 603 1703 lucem
642 1667 687 1703 et
727 1662 1086 1718 explanationem
1135 1668 1181 1704 et
1227 1661 1391 1719 agendi
1439 1661 1635 1702 rationes
1684 1674 1737 1702 ac

144 1735 257 1780 fines
291 1736 552 1795 accipiebat.
573 1737 747 1795 Quare,
772 1754 909 1797 quum
930 1732 1167 1798 potestatis
1182 1739 1400 1782 infinitate
1425 1737 1613 1796 singulis
1637 1736 1737 1791 diis,

148 1822 314 1879 quippe
348 1819 424 1877 qui
454 1818 580 1861 finita
610 1824 783 1861 tantum
801 1825 1027 1876 potestate
1055 1825 1308 1873 uterentur,
1330 1834 1377 1860 re
1395 1833 1502 1860 vera
1521 1822 1644 1860 esset
1665 1831 1739 1859 su-

145 1899 317 1957 perior,
350 1914 517 1956 eosque
551 1904 777 1954 tamquam
809 1903 962 1956 partes
1002 1898 1117 1941 infra
1156 1912 1204 1940 se
1243 1896 1452 1951 haberet,
1492 1895 1623 1938 simul
1662 1894 1737 1938 iis-

147 1977 270 2032 dem,
303 1978 408 2034 quia
440 1993 592 2020 eorum
656 1976 879 2019 mentibus
912 1991 964 2019 ac
997 1976 1243 2026 rationibus
1276 1975 1449 2018 infinita
1478 1974 1621 2031 ipsius
1653 1988 1732 2016 na-

146 2063 246 2100 tura
279 2056 574 2100 definiebatur
606 2050 652 2099 et
682 2056 947 2114 regebatur,
994 2056 1178 2099 inferior
1218 2061 1313 2097 erat
1359 2069 1411 2097 ac
1459 2052 1542 2096 sub
1584 2068 1737 2095 eorum

146 2136 401 2179 voluntates
436 2151 487 2179 ac
520 2135 706 2179 consilia
737 2135 981 2178 subiectus.
1048 2133 1152 2188 Quo
1184 2133 1342 2187 fiebat,
1395 2138 1445 2175 ut
1481 2147 1537 2175 ne
1570 2132 1738 2187 δαίμων

148 2214 327 2272 quidem
361 2215 612 2258 universam
646 2221 830 2258 naturae
871 2214 1047 2258 divinae
1072 2217 1074 2219 ’
1095 2214 1182 2257 vim
1233 2213 1463 2256 continere
1511 2210 1740 2254 videretur

147 2309 294 2351 neque
326 2309 521 2351 unquam
546 2294 603 2337 ad
623 2293 713 2336 dei
738 2294 941 2348 summi,
974 2293 1140 2350 quippe
1165 2308 1191 2335 a
1208 2307 1297 2349 quo
1321 2291 1462 2334 libera
1483 2290 1645 2333 mentis
1669 2289 1737 2331 vis

150 2373 310 2416 abesse
343 2389 435 2416 non
466 2380 644 2431 posset,
678 2372 940 2430 dignitatem
975 2387 1027 2415 ac
1059 2371 1431 2430 significationem
1464 2368 1735 2426 perveniret.

247 2613 281 2655 ι)
326 2610 733 2658 Aesoh.Agam.1444
759 2599 962 2647 2011.‘1453
988 2613 1028 2646 et
1055 2609 1157 2646 1530.

244 2671 284 2715 2)
324 2670 461 2707 Aesch.
480 2670 623 2717 Coeph.
644 2674 725 2706 898.
752 2668 801 2706 cf.
822 2669 958 2716 Agam.
982 2670 1086 2706 1502.

244 2732 282 2776 3)
326 2731 464 2769 Aesch.
483 2731 619 2778 Agam.
641 2731 734 2768 1546
752 2743 808 2778 sq.

246 2793 285 2837 4)
327 2791 466 2829 Aesch.
486 2791 593 2838 Sept.
612 2792 684 2828 930
709 2791 794 2828 coll.
814 2794 884 2826 954
912 2794 952 2827 et
977 2794 1060 2826 970.

243 2854 283 2899 5)
328 2852 444 2904 Soph.
464 2852 557 2893 oed.
575 2852 616 2890 C.
636 2853 731 2893 1370
748 2852 835 2891 coll.
858 2851 963 2890 1381.
984 2845 986 2847 ’
