1927 3218
899 74 986 164 '11

161 277 251 319 que
283 261 402 306 vitae
420 256 725 303 conditionem
760 272 812 301 ae
834 263 1016 313 sortem,
1048 258 1372 315 prosperitates
1395 258 1609 313 miserias,
1642 271 1753 317 gau-

165 340 240 386 dia
257 340 422 391 luctus,
451 336 662 380 victorias
682 336 860 391 clades,
884 336 1060 380 divitias
1083 329 1325 394 egestates,
1338 336 1372 392 ¹)
1389 336 1547 402 ‘diyino
1569 352 1753 380 munere

164 418 250 463 sibi
286 415 505 460 accidisse
528 415 869 468 arbitrarentur3
902 415 1011 472 quid
1041 415 1224 461 tandem
1255 415 1444 458 inveniri
1481 421 1661 473 poterat
1698 415 1755 460 ad
1824 430 1829 435 ·

164 500 507 553 praepotentem
545 493 659 537 hanc
708 501 754 538 et
783 495 999 540 infinitam
1035 495 1125 538 vim
1174 494 1367 538 divinam
1417 493 1754 554 significandam

163 574 312 632 aptius
345 587 478 629 quam
512 574 725 629 δαίμονος
746 574 1003 632 appellatiO,
1035 574 1203 631 quippe
1237 590 1351 631 quae
1384 580 1570 632 propter
1608 574 1756 616 notio·

166 668 269 696 nem
306 653 484 696 insitam
524 654 777 696 universam
816 654 934 697 illam
966 654 1055 697 vim
1088 654 1217 710 quasi
1249 653 1536 697 adumbraret
1568 653 1754 709 eiusque

166 732 486 791 cogitationem
519 739 564 776 et
594 749 738 791 paene
773 747 953 777 sensum
984 733 1030 776 in
1063 733 1219 776 animis
1254 732 1497 776 excitaret?
1694 727 1697 728 ⁷

284 811 495 856 Donandi
525 812 661 870 igitur
692 813 881 856 maxime
905 827 968 867 Aac
1000 812 1297 856 distribuendi
1319 827 1535 856 summam
1558 818 1757 869 potesta-‘-

164 896 255 933 tem
288 906 389 933 cum
423 892 581 935 summi
613 892 803 934 numinis
836 892 1019 934 notione
1052 891 1513 948 comprehendebant3
1547 907 1661 947 quae
1684 905 1756 935 res

164 984 220 1012 eo
270 969 403 1013 etiarn
454 970 689 1027 probatur,
737 970 860 1027 quod
899 986 984 1014 usu
1027 970 1412 1027 frequentissimo,
1461 959 1755 1027 quaecunque

166 1048 410 1091 constituta
457 1055 502 1092 et
549 1049 708 1092 effecta
754 1049 975 1106 putabant
1019 1050 1063 1092 vi
1115 1065 1166 1092 ac
1205 1049 1435 1092 volun-tate
1477 1048 1650 1104 divina,
1703 1063 1757 1091 ea

164 1127 286 1174 θεῶν
315 1128 432 1186 δῶρα
463 1129 771 1186 appellabant3
805 1144 919 1186 quae
953 1144 1115 1185 quum,
1156 1127 1375 1186 quidquid
1407 1128 1539 1172 alicui
1571 1133 1618 1170 et
1648 1127 1756 1171 boni

166 1212 212 1249 et
242 1207 346 1251 mali
377 1208 556 1251 evenire
589 1214 767 1266 posset,
801 1208 1097 1264 continerent,
1128 1208 1271 1266 ipsam
1290 1208 1388 1265 sati
1417 1208 1504 1250 vim
1538 1222 1590 1250 ac
1621 1207 1755 1251 ratio-

164 1303 267 1331 nem
313 1288 659 1331 constituebant.
675 1287 710 1345 Β)
781 1289 943 1346 Neque
992 1288 1108 1332 enim
1148 1288 1258 1331 haec
1298 1287 1483 1331 deorum
1524 1286 1644 1330 dona
1680 1293 1758 1330 aut

166 1367 394 1424 suscipere
427 1374 504 1410 aut
534 1368 726 1411 refutare
759 1369 804 1411 in
836 1367 1064 1415 hominum
1097 1374 1192 1411 erat
1212 1366 1500 1425 potestate,3)
1533 1366 1614 1410 sed
1634 1367 1757 1410 insu·

166 1475 212 1514 cf.
230 1477 344 1524 Diog.
368 1477 494 1513 Laert.
518 1477 583 1514 IX.
604 1481 661 1512 71.
717 1478 879 1515 Diversa
915 1478 1063 1515 ratione
1100 1477 1333 1524 posteriores
1364 1477 1435 1513 hac
1474 1476 1661 1514 sententia
1697 1476 1756 1512 usi

166 1541 270 1574 sunt:
333 1537 535 1584 Pyrrhonii
589 1539 824 1576 adhibebant
871 1550 953 1576 eam
1002 1540 1052 1575 ad
1096 1538 1448 1583 demonstrandum,
1486 1538 1625 1573 nullam
1672 1547 1756 1574 esse

165 1609 280 1646 posse
305 1599 408 1636 vitae
432 1597 695 1636 informandae
727 1603 864 1647 artem3
900 1599 1003 1636 Sext.
1027 1600 1133 1646 Emp.
1152 1598 1340 1646 Pyrrhon.
1360 1599 1557 1645 Hypotyp.
1576 1598 1645 1643 111,
1665 1600 1755 1644 2443

164 1660 278 1707 Diog.
297 1661 421 1698 Laert.
440 1660 463 1696 l.
482 1661 525 1707 l.3
540 1660 723 1698 Chaldaei
748 1661 799 1697 ad
813 1661 1031 1707 probandas
1057 1661 1281 1699 affectiones
1308 1659 1490 1706 siderum,
1519 1659 1622 1696 Sext.
1646 1658 1754 1705 Emp.

166 1720 253 1756 adv.
271 1720 385 1756 Math.
404 1721 451 1766 V,
470 1723 512 1767 43
552 1721 616 1757 alii
654 1721 763 1758 aliter
793 1722 851 1758 usi
886 1726 985 1758 sunt.
1050 1720 1105 1757 Cf.
1126 1721 1231 1758 Sext.
1250 1722 1359 1766 Emp.
1378 1721 1463 1765 VII,
1486 1723 1566 1765 128,
1608 1719 1674 1755 ubi
1705 1719 1755 1755 ad

165 1781 346 1819 Heracliti
378 1781 588 1819 doctrinam
621 1782 668 1820 de
700 1783 848 1820 ratione
883 1783 1013 1820 divina
1045 1793 1114 1829 per
1144 1781 1335 1820 hominum
1367 1783 1511 1817 mentes
1547 1780 1755 1827 permeanti

165 1840 337 1880 refertur.

265 1907 299 1951 2)
341 1905 452 1942 Pind.
470 1905 575 1944 Nem.
594 1906 679 1954 VII,
699 1909 738 1949 6;
758 1910 876 1954 54sq.
926 1906 1038 1954 Pyth
1056 1906 1086 1954 I,
1113 1909 1179 1954 413
1206 1905 1357 1954 saepius
1384 1904 1489 1942 alias

266 1969 350 2013 1),
352 1964 495 2011 ,οὖδείς,
521 1966 636 2016 Κύρν’,
663 1965 746 2013 ἄτης
769 1968 831 2004 καὶ
853 1966 1001 2015 κέρδεος
1025 1970 1134 2008 αἴτιος
1158 1965 1272 2011 αὐτός,

339 2026 442 2064 Ἀλλὰ
468 2028 551 2064 θεοὶ
574 2027 707 2065 τούτων
733 2028 925 2078 δωτορες
950 2026 1208 2078 ἇμφοτὲρων.·“
1237 2071 1240 2074 ¹

166 2090 337 2137 Theogn.
359 2092 440 2126 133.
460 2089 515 2126 Cf.
533 2090 625 2127 ibid.
647 2095 734 2138 1713
754 2094 842 2138 2313
858 2094 938 2126 271.
965 2091 1073 2135 Pind.
1092 2090 1203 2137 Pyth.
1223 2090 1327 2135 VIII,
1347 2092 1410 2135 763
1430 2090 1475 2124 95
1494 2100 1549 2135 sq.
1569 2089 1617 2134 ΙΙ,
1635 2090 1681 2122 49
1696 2098 1753 2134 sq.
1818 2120 1822 2123 .

260 2153 295 2196 2)
338 2152 467 2196 11.111,
486 2153 532 2185 64
550 2163 606 2198 sq.
641 2153 781 2198 XXIV,
802 2156 889 2199 5273
917 2152 981 2189 od.
1000 2152 1142 2197 XVIII,
1165 2154 1242 2185 142.
1278 2151 1389 2186 Hom.
1417 2150 1552 2196 Hymn.
1580 2149 1663 2185 Cer.
1686 2151 1753 2183 147

166 2215 205 2250 et
232 2215 314 2248 216.
364 2212 535 2260 Theogn.
558 2215 645 2260 1443
675 2215 787 2261 10333
815 2215 895 2248 591.

260 2277 295 2321 3)
338 2275 466 2321 11.111‚
486 2277 543 2311 64.
571 2275 678 2312 Paris
704 2276 871 2318 Hectori,
898 2276 1066 2313 Helenae
1092 2285 1256 2311 amorem
1284 2272 1552 2320 exprobranti,
1589 2270 1752 2308 Veneris

167 2336 411 2373 donationem
436 2336 708 2382 praetendens,
735 2337 789 2373 sie
814 2337 1030 2383 respondit:

381 2394 507 2442 »Οὔτοι
531 2394 693 2444 ἀπόβλητ’
717 2394 791 2434 ἐστὶ
816 2399 917 2434 θεῶν
941 2395 1110 2445 ἐρικυδέα
1136 2395 1247 2444 δῶρα,

346 2484 348 2486 -
383 2458 473 2495 ὅσσα
496 2470 559 2493 κεν
584 2457 683 2494 αὐτοὶ
709 2458 829 2501 δῶσιν,
857 2458 971 2494 ἔκων
996 2457 1120 2494 δ’ὅυκ
1146 2457 1199 2493 ἄν
1223 2470 1285 2497 τις
1310 2455 1490 2492 ἕλοιτο.“

168 2520 287 2557 Solon
312 2519 444 2568 fragm.
468 2524 508 2555 12
536 2532 571 2556 v.
592 2523 637 2556 84
663 2520 769 2568 apud
792 2520 933 2568 Bergk.
953 2521 977 2557 l.
998 2521 1029 2557 l:
1310 2523 1312 2526 ’

343 2606 346 2609 -
504 2580 647 2628 ,,δῶ’ρα
672 2580 710 2615 δ’
737 2579 880 2628 ἄφυκτα
902 2584 1004 2616 θεῶν
1028 2581 1163 2627 γίνεται
1189 2578 1418 2615 ἇθανάτων.“

165 2641 215 2678 Et
238 2640 446 2689 Theognis,
475 2643 589 2678 1033:

722 2725 765 2731 -
791 2706 893 2740 θεῶν
917 2702 1122 2753 εἱμαρμένα
1147 2702 1267 2772 δῶρα

501 2777 567 2800 ουκ
593 2763 639 2800 ἂν
662 2764 810 2813 ῥηϊδίως
834 2764 964 2809 θνητὸς
988 2763 1078 2812 ἆνήρ
1104 2761 1293 2812 προφύγοι,

430 2822 501 2861 οὔτ
525 2840 571 2861 αν
595 2824 804 2875 πορφυρέης
827 2824 978 2866 καταθεὶς
1003 2824 1039 2866 ἐς
1063 2822 1236 2873 πυθμένα
1259 2823 1402 2871 λίμνης,

503 2885 583 2923 οὔθ’
608 2885 693 2924 ὅταν
717 2885 822 2926 αὐτὸν
847 2886 912 2939 ἔχῃ
939 2886 1115 2938 Τάρταρος
1140 2884 1313 2934 ἤερόειςὲ(
