1927 3218
870 104 964 154 225

136 253 303 298 bonum
320 251 414 295 siv-e
431 249 594 294 malum
612 252 696 304 est,
713 247 1001 292 constituitur
1021 252 1069 290 et
1082 246 1380 305 proficiscitur
1396 262 1423 290 a
1438 245 1668 291 daemonis
1683 247 1727 291 vi

114 338 186 376 ,et
214 330 495 375 auctoritate.
544 327 707 384 Neque
739 327 812 370 ille
845 331 997 369 certus
1027 326 1188 383 aliquis
1220 326 1450 380 deusest,
1470 326 1524 369 iis
1547 326 1727 382 quidem

126 410 264 465 locis,
297 424 320 451 e
355 407 533 465 quibus,
565 420 680 464 quae
700 404 956 460 attulimus,
985 404 1130 464 petita
1160 410 1280 460 sunt,
1311 404 1450 449 multo
1483 408 1631 448 autem
1652 405 1727 448 mi·

137 497 226 532 nus'
255 492 413 531 natura
445 484 664 543 quaedam
707 484 858 528 divina
887 483 972 528 diis
1003 483 1208 539 inferior,
1241 483 1407 542 quippe
1447 498 1562 540 quae
1600 489 1729 541 pote-

140 571 298 612 statem
329 571 420 611 tam
443 564 658 610 infinitam
695 578 791 606 non
829 563 975 621 possit
1004 562 1247 616 sustinere3
1291 578 1445 606 verum
1473 562 1728 606 universum

139 644 364 704 quoddam
390 644 583 689 obscura
614 642 886 702 cogitatione
919 646 1187 702 conceptum
1220 657 1384 686 numen
1407 646 1491 698 est,
1513 647 1617 686 ante
1634 642 1729 686 ⁴sin-

139 726 270 785 gulos
303 725 414 769 deos
445 724 658 782 positum,
691 722 886 766 omnium
918 737 1066 766 rerum
1097 722 1245 780 legem
1279 737 1331 765 ac
1363 722 1546 766 modum
1586 722 1729 766 conti·

139 819 268 860 nens,
312 804 359 847 in
404 818 495 860 puo
543 817 678 844 unum
724 803 942 860 quoddam
989 809 1029 845 et
1072 817 1285 845 summum
1330 803 1506 845 divinae
1524 801 1729 858 fatorum

138 883 448 927 constitutionis
472 882 742 939 principium
773 878 1090 940 agnoscitur¹).

260 960 509 1018 Praecipue
534 966 681 1003 autem
714 960 781 1002 vis
805 959 956 1003 divina
976 959 1128 1018 vigere
1152 959 1396 1018 putabatur
1426 960 1471 1003 in
1494 975 1548 1003 eo
1580 974 1727 1003 rerum

143 1039 313 1093 ordine,
346 1054 435 1095 quo
469 1038 644 1081 divinae
684 1039 878 1081 iustitiae
909 1038 1037 1097 leges
1069 1038 1436 1092 continebantur3
1476 1039 1520 1081 in
1551 1038 1727 1096 hocque

141 1123 188 1160 et
219 1116 495 1160 instituendo
520 1123 565 1160 et
591 1116 907 1176 ‚conservando
940 1117 1129 1161 maxime
1163 1116 1360 1161 divinum
1402 1116 1537 1161 dandi
1561 1116 1727 1161 acdis-

140 1195 365 1239 tribuendi
413 1211 573 1239 munus
619 1195 876 1254 apparebat.
955 1195 1153 1240 Primum
1210 1196 1326 1239 enim
1366 1195 1438 1240 hic
1478 1195 1589 1239 ordo
1628 1196 1726 1254 ipse

140 1281 278 1330 totus,
308 1281 360 1323 ut
391 1281 566 1319 veteres
599 1282 722 1319 recto
754 1274 919 1319 iudicio
951 1275 1279 1335 intelligebant,
1310 1292 1336 1319 a
1367 1276 1545 1320 numine
1578 1275 1729 1319 divino

140 1354 349 1398 manabat
379 1354 576 1412 nihilque
617 1362 712 1398 erat
728 1354 863 1411 aliud,
896 1355 981 1399 nisi
1011 1371 1073 1399 ea
1104 1355 1159 1399 ab
1191 1355 1307 1399 illius
1346 1355 1532 1399 consilio
1566 1370 1618 1398 ac
1649 1370 1729 1397 vo—

140 1434 309 1477 luntate
344 1434 547 1492 profecta
576 1435 712 1489 ratio,
745 1434 992 1477 secundum
1026 1450 1158 1491 quam
1191 1450 1263 1478 res
1296 1450 1450 1478 omnes
1483 1434 1729 1478 constitue-

139 1512 303 1555 bantur
325 1518 369 1556 et
389 1512 676 1571 regebantur,
705 1529 818 1570 quae
842 1512 899 1556 ad
921 1513 1148 1557 hominum
1172 1514 1372 1557 actiones
1393 1514 1534 1556 relata
1557 1528 1730 1556 summa

142 1597 237 1633 erat
274 1592 368 1646 lex,
416 1607 526 1648 qua,
574 1592 681 1648 quid
718 1593 904 1646 iustum,
944 1593 1052 1649 quid
1089 1593 1302 1635 iniustum
1343 1600 1484 1646 esset,
1532 1591 1728 1648 quidque

140 1675 378 1729 utrumque
402 1676 680 1728 sequeretur,
713 1670 944 1715 definit-um
976 1677 1081 1716 erat.
1136 1671 1181 1715 Is
1213 1671 1349 1731 igitur
1380 1679 1430 1715 ut
1462 1670 1730 1726 efficeretur,

140 1764 276 1806 quum
308 1750 504 1793 omnium
537 1766 684 1793 rerum
718 1750 934 1794 decursus
968 1743 1014 1794 et
1036 1756 1223 1794 eventus
1257 1750 1313 1793 ad
1346 1742 1514 1793 certum
1539 1750 1729 1807 aliquem

139 1829 272 1872 finem
313 1836 441 1874 erant
477 1830 722 1889 dirigendi,
763 1837 857 1874 tum
896 1831 1172 1892 hominibuS,
1211 1831 1287 1887 qui
1327 1846 1374 1873 se
1415 1831 1501 1887 ipsi
1539 1830 1727 1874 naturali

141 1907 331 1966 quadam
349 1908 558 1967 opinione
576 1909 766 1967 primum
783 1897 930 1953 locum
947 1910 993 1953 in
1011 1909 1161 1954 divina
1178 1925 1324 1953 rerum
1348 1908 1728 1953 administratione

140 1987 342 2030 obtinere
385 1987 575 2030 credunt
615 2004 800 2044 eamque
848 1989 901 2031 ad
945 2003 991 2031 se
1032 1989 1312 2046 potissimum
1354 1989 1572 2043 referunt,
1616 2002 1728 2052 ⁴suus

242 2264 274 2310 1)
315 2264 547 2300 Daemonem
573 2274 613 2300 re
640 2274 731 2300 vera
756 2264 914 2311 singulis
941 2265 1013 2302 diis
1039 2264 1273 2312 superiorem
1299 2275 1345 2301 ac
1361 2264 1616 2311 potentiorem
1633 2274 1729 2309 esse,

138 2325 353 2363 necessario
380 2324 488 2373 sequi
514 2324 664 2362 videtur
689 2336 710 2361 e
735 2324 889 2362 Pindari
922 2326 1029 2372 loco,
1062 2337 1174 2373 quem
1206 2326 1322 2363 modo
1356 2326 1559 2363 attulimus.
1618 2326 1728 2362 Post·

140 2398 252 2435 quam
276 2387 374 2423 enim
401 2386 505 2422 viros
530 2384 619 2421 κατὰ
645 2384 802 2434 δαίμονα
827 2385 947 2423 fortes
973 2398 1017 2424 ac
1043 2387 1235 2433 sapientes
1258 2386 1340 2423 fieri
1358 2387 1471 2432 dixit,
1497 2386 1593 2422 hanc
1609 2386 1728 2433 ipsam

140 2448 195 2485 ait
211 2446 327 2485 fuisse
338 2458 500 2493 causam,
517 2458 583 2483 cur
596 2447 776 2484 Hercules
788 2458 870 2484 cum
882 2447 1058 2494 Neptuno
1071 2451 1110 2484 et
1130 2447 1310 2495 Apolline
1325 2451 1363 2485 et
1379 2448 1542 2484 Plutone
1559 2457 1729 2494 pugnare

141 2519 284 2556 eosque
316 2508 516 2545 devincere
543 2508 717 2555 potuerit.
747 2508 854 2545 Pind.
875 2507 930 2545 01.
950 2508 1015 2554 IX,
1033 2509 1190 2544 28--35.
1225 2509 1370 2553 Quodsi
1401 2509 1517 2556 igitur
1549 2508 1728 2544 Hercules

140 2580 163 2606 a
189 2569 373 2608 daemone
400 2570 586 2617 sapientia
612 2573 649 2608 et
675 2568 899 2608 fortitudine
925 2574 964 2608 et
989 2570 1130 2609 robore
1161 2569 1368 2607 instructus
1399 2570 1487 2607 illos
1519 2575 1596 2607 tres
1633 2569 1728 2606 deos

141 2631 353 2677 superavit,
379 2642 504 2668 nonne
529 2632 651 2678 ipsum
677 2632 899 2668 daemonem
926 2631 998 2668 diis
1033 2631 1106 2668 illis
1138 2633 1368 2677 superiorem
1401 2642 1445 2667 ac
1477 2631 1728 2677 potentiorem

141 2701 224 2728 esse
251 2692 482 2738 oportebat?
532 2693 660 2729 Possit
693 2692 844 2739 quidem
877 2691 1012 2739 aliquis
1044 2696 1196 2738 putare,
1230 2692 1450 2728 daemonem
1481 2691 1554 2727 hoc
1585 2691 1671 2727 loco
1704 2702 1727 2726 a

140 2751 305 2788 Pindaro
331 2752 490 2800 intelligi
515 2753 671 2799 Jovem‚
698 2753 839 2800 quippe
865 2752 1001 2790 ceteris
1027 2753 1099 2790 diis
1125 2752 1379 2799 superiorem3
1406 2756 1520 2798 atque
1553 2751 1606 2787 ita
1633 2762 1727 2788 unus

141 2811 333 2849 scholasta
358 2813 492 2851 adol.
519 2814 586 2860 IX,
605 2816 650 2849 43
678 2817 717 2851 et
743 2816 789 2849 50
815 2813 920 2860 vulg.
940 2813 1125 2860 explicat3
1159 2813 1227 2850 sed
1259 2813 1295 2849 in
1332 2813 1416 2861 ipso
1450 2812 1610 2849 carmine
1636 2811 1727 2849 nihil

139 2872 254 2923 inest,
281 2874 385 2925 quod
410 2874 507 2914 hanc
532 2875 882 2925 interpretationem
905 2873 1053 2914 firmare
1078 2873 1214 2925 possit.
