<?xml version="1.0" encoding="UTF-8"?>
<!DOCTYPE html PUBLIC "-//W3C//DTD XHTML 1.0 Transitional//EN"
    "http://www.w3.org/TR/xhtml1/DTD/xhtml1-transitional.dtd">
<html xmlns="http://www.w3.org/1999/xhtml" xml:lang="en" lang="en">
 <head>
  <title>
</title>
<meta http-equiv="Content-Type" content="text/html;charset=utf-8" />
  <meta name='ocr-system' content='tesseract 3.04.00' />
  <meta name='ocr-capabilities' content='ocr_page ocr_carea ocr_par ocr_line ocrx_word'/>
</head>
<body>
  <div class='ocr_page' id='page_1' title='image "4738101_0037.png"; bbox 0 0 1927 3218; ppageno 0'>
   <div class='ocr_carea' id='block_1_1' title="bbox 916 97 979 170">
    <p class='ocr_par' dir='ltr' id='par_1_1' title="bbox 916 97 979 170">
     <span class='ocr_line' id='line_1_1' title="bbox 916 97 979 170; baseline -0.048 0"><span class='ocrx_word' id='word_1_1' title='bbox 916 97 979 170; x_wconf 73' lang='lat'><strong>21</strong></span> 
     </span>
    </p>
   </div>
   <div class='ocr_carea' id='block_1_2' title="bbox 108 235 1744 1799">
    <p class='ocr_par' dir='ltr' id='par_1_2' title="bbox 108 235 1744 1089">
     <span class='ocr_line' id='line_1_2' title="bbox 155 235 1742 300; baseline -0.001 -12"><span class='ocrx_word' id='word_1_2' title='bbox 155 251 201 289; x_wconf 91' lang='lat' dir='ltr'><strong>et</strong></span> <span class='ocrx_word' id='word_1_3' title='bbox 231 245 288 290; x_wconf 90' lang='lat' dir='ltr'><strong>ad</strong></span> <span class='ocrx_word' id='word_1_4' title='bbox 320 250 486 289; x_wconf 90' lang='lat' dir='ltr'><strong>certam</strong></span> <span class='ocrx_word' id='word_1_5' title='bbox 517 255 756 300; x_wconf 83' lang='lat' dir='ltr'>personam</span> <span class='ocrx_word' id='word_1_6' title='bbox 777 235 1026 296; x_wconf 79' lang='lat' dir='ltr'><strong>revocans,</strong></span> <span class='ocrx_word' id='word_1_7' title='bbox 1059 240 1243 296; x_wconf 89' lang='lat' dir='ltr'><strong>„Iovem</strong></span> <span class='ocrx_word' id='word_1_8' title='bbox 1275 240 1613 285; x_wconf 88' lang='lat' dir='ltr'><strong>altitonantem“</strong></span> <span class='ocrx_word' id='word_1_9' title='bbox 1645 258 1742 286; x_wconf 88' lang='lat' dir='ltr'><strong>eam</strong></span> 
     </span>
     <span class='ocr_line' id='line_1_3' title="bbox 108 305 1742 378; baseline -0.002 -9"><span class='ocrx_word' id='word_1_10' title='bbox 108 305 114 309; x_wconf 19' lang='grc' dir='ltr'>ἱ</span> <span class='ocrx_word' id='word_1_11' title='bbox 153 325 331 369; x_wconf 87' lang='lat' dir='ltr'><strong>vocavit</strong></span> <span class='ocrx_word' id='word_1_12' title='bbox 376 322 488 376; x_wconf 88' lang='lat' dir='ltr'><strong>vim,</strong></span> <span class='ocrx_word' id='word_1_13' title='bbox 536 320 612 377; x_wconf 91' lang='lat' dir='ltr'><strong>qui</strong></span> <span class='ocrx_word' id='word_1_14' title='bbox 651 319 783 363; x_wconf 89' lang='lat' dir='ltr'><strong>armis</strong></span> <span class='ocrx_word' id='word_1_15' title='bbox 825 318 1041 362; x_wconf 79' lang='lat' dir='ltr'><strong>adimeret</strong></span> <span class='ocrx_word' id='word_1_16' title='bbox 1080 334 1352 364; x_wconf 88' lang='lat' dir='ltr'><strong>successum.</strong></span> <span class='ocrx_word' id='word_1_17' title='bbox 1368 319 1402 378; x_wconf 90' lang='lat'><strong>¹)</strong></span> <span class='ocrx_word' id='word_1_18' title='bbox 1465 320 1616 378; x_wconf 85' lang='lat' dir='ltr'><strong>Atque</strong></span> <span class='ocrx_word' id='word_1_19' title='bbox 1657 316 1742 365; x_wconf 87' lang='lat' dir='ltr'><strong>alio</strong></span> 
     </span>
     <span class='ocr_line' id='line_1_4' title="bbox 153 391 1744 456; baseline -0.003 -9"><span class='ocrx_word' id='word_1_20' title='bbox 153 391 253 447; x_wconf 84' lang='lat' dir='ltr'><strong>loco</strong></span> <span class='ocrx_word' id='word_1_21' title='bbox 284 393 446 444; x_wconf 80' lang='lat' dir='ltr'><strong>Furiae</strong></span> <span class='ocrx_word' id='word_1_22' title='bbox 486 400 549 442; x_wconf 90' lang='lat' dir='ltr'><strong>ita</strong></span> <span class='ocrx_word' id='word_1_23' title='bbox 585 397 883 453; x_wconf 87' lang='lat' dir='ltr'><strong>inducuntur,</strong></span> <span class='ocrx_word' id='word_1_24' title='bbox 936 403 986 440; x_wconf 92' lang='lat' dir='ltr'><strong>ut</strong></span> <span class='ocrx_word' id='word_1_25' title='bbox 1022 399 1233 454; x_wconf 81' lang='grc' dir='ltr'><strong><em>δαίμονος</em></strong></span> <span class='ocrx_word' id='word_1_26' title='bbox 1270 405 1519 456; x_wconf 79' lang='lat' dir='ltr'><strong>appareant</strong></span> <span class='ocrx_word' id='word_1_27' title='bbox 1559 414 1657 443; x_wconf 87' lang='lat' dir='ltr'><strong>esse</strong></span> <span class='ocrx_word' id='word_1_28' title='bbox 1691 415 1744 443; x_wconf 91' lang='lat' dir='ltr'><strong>ea</strong></span> 
     </span>
     <span class='ocr_line' id='line_1_5' title="bbox 153 476 1743 540; baseline -0.001 -17"><span class='ocrx_word' id='word_1_29' title='bbox 153 496 272 540; x_wconf 86' lang='lat' dir='ltr'><strong>pars,</strong></span> <span class='ocrx_word' id='word_1_30' title='bbox 304 479 376 522; x_wconf 92' lang='lat' dir='ltr'><strong>cui</strong></span> <span class='ocrx_word' id='word_1_31' title='bbox 408 479 627 522; x_wconf 87' lang='lat' dir='ltr'><strong>scelerum</strong></span> <span class='ocrx_word' id='word_1_32' title='bbox 658 476 987 534; x_wconf 88' lang='lat' dir='ltr'><strong>puniendorum</strong></span> <span class='ocrx_word' id='word_1_33' title='bbox 1028 492 1189 520; x_wconf 89' lang='lat' dir='ltr'><strong>munus</strong></span> <span class='ocrx_word' id='word_1_34' title='bbox 1223 477 1374 521; x_wconf 87' lang='lat' dir='ltr'><strong>datum</strong></span> <span class='ocrx_word' id='word_1_35' title='bbox 1408 476 1526 536; x_wconf 80' lang='lat' dir='ltr'><strong>sit.¹)</strong></span> <span class='ocrx_word' id='word_1_36' title='bbox 1590 477 1743 533; x_wconf 80' lang='lat' dir='ltr'><strong>Quare</strong></span> 
     </span>
     <span class='ocr_line' id='line_1_6' title="bbox 152 556 1743 615; baseline -0.001 -13"><span class='ocrx_word' id='word_1_37' title='bbox 152 558 406 615; x_wconf 89' lang='lat' dir='ltr'><strong>ubicunque</strong></span> <span class='ocrx_word' id='word_1_38' title='bbox 447 557 521 601; x_wconf 89' lang='lat' dir='ltr'><strong>dei</strong></span> <span class='ocrx_word' id='word_1_39' title='bbox 560 556 747 600; x_wconf 89' lang='lat' dir='ltr'><strong>alicuius</strong></span> <span class='ocrx_word' id='word_1_40' title='bbox 788 562 976 613; x_wconf 88' lang='lat' dir='ltr'><strong>apparet</strong></span> <span class='ocrx_word' id='word_1_41' title='bbox 1014 557 1104 611; x_wconf 87' lang='lat' dir='ltr'><strong>vis,</strong></span> <span class='ocrx_word' id='word_1_42' title='bbox 1130 596 1134 601; x_wconf 88' lang='grc'><em>,</em></span> <span class='ocrx_word' id='word_1_43' title='bbox 1156 556 1216 600; x_wconf 93' lang='lat' dir='ltr'><strong>ibi</strong></span> <span class='ocrx_word' id='word_1_44' title='bbox 1256 558 1467 613; x_wconf 84' lang='grc' dir='ltr'><strong><em>δαίμονος</em></strong></span> <span class='ocrx_word' id='word_1_45' title='bbox 1504 557 1635 600; x_wconf 88' lang='lat' dir='ltr'><strong>etiam</strong></span> <span class='ocrx_word' id='word_1_46' title='bbox 1675 557 1743 600; x_wconf 86' lang='lat' dir='ltr'><strong>vis</strong></span> 
     </span>
     <span class='ocr_line' id='line_1_7' title="bbox 152 621 1742 694; baseline -0.001 -13"><span class='ocrx_word' id='word_1_47' title='bbox 152 637 302 692; x_wconf 89' lang='lat' dir='ltr'><strong>adest,</strong></span> <span class='ocrx_word' id='word_1_48' title='bbox 348 643 393 679; x_wconf 90' lang='lat' dir='ltr'><strong>et</strong></span> <span class='ocrx_word' id='word_1_49' title='bbox 430 636 599 679; x_wconf 89' lang='lat' dir='ltr'><strong>idcirco</strong></span> <span class='ocrx_word' id='word_1_50' title='bbox 638 640 761 677; x_wconf 87' lang='lat' dir='ltr'><strong>recte</strong></span> <span class='ocrx_word' id='word_1_51' title='bbox 801 634 863 689; x_wconf 75' lang='lat' dir='ltr'><strong>ie,</strong></span> <span class='ocrx_word' id='word_1_52' title='bbox 904 635 979 691; x_wconf 90' lang='lat' dir='ltr'><strong>qui</strong></span> <span class='ocrx_word' id='word_1_53' title='bbox 1010 621 1185 694; x_wconf 82' lang='lat' dir='ltr'><strong>pugnet</strong></span> <span class='ocrx_word' id='word_1_54' title='bbox 1224 642 1380 679; x_wconf 87' lang='lat' dir='ltr'><strong>contra</strong></span> <span class='ocrx_word' id='word_1_55' title='bbox 1409 636 1575 692; x_wconf 84' lang='lat' dir='ltr'><strong>virum,</strong></span> <span class='ocrx_word' id='word_1_56' title='bbox 1608 651 1742 693; x_wconf 89' lang='lat' dir='ltr'><strong>quem</strong></span> 
     </span>
     <span class='ocr_line' id='line_1_8' title="bbox 152 713 1742 770; baseline -0.001 -10"><span class='ocrx_word' id='word_1_57' title='bbox 152 716 263 760; x_wconf 90' lang='lat' dir='ltr'><strong>deus</strong></span> <span class='ocrx_word' id='word_1_58' title='bbox 295 715 519 770; x_wconf 82' lang='lat' dir='ltr'><strong>honestet,</strong></span> <span class='ocrx_word' id='word_1_59' title='bbox 552 719 709 757; x_wconf 86' lang='lat' dir='ltr'><strong>contra</strong></span> <span class='ocrx_word' id='word_1_60' title='bbox 738 713 952 769; x_wconf 79' lang='grc' dir='ltr'><strong><em>δαίμονα,</em></strong></span> <span class='ocrx_word' id='word_1_61' title='bbox 992 713 1078 756; x_wconf 92' lang='lat' dir='ltr'><strong>hoc</strong></span> <span class='ocrx_word' id='word_1_62' title='bbox 1111 720 1203 769; x_wconf 88' lang='lat' dir='ltr'><strong>est,</strong></span> <span class='ocrx_word' id='word_1_63' title='bbox 1242 715 1331 757; x_wconf 87' lang='lat' dir='ltr'><strong>vim</strong></span> <span class='ocrx_word' id='word_1_64' title='bbox 1364 714 1558 758; x_wconf 88' lang='lat' dir='ltr'><strong>divinam</strong></span> <span class='ocrx_word' id='word_1_65' title='bbox 1592 716 1632 758; x_wconf 89' lang='lat' dir='ltr'><strong>ei</strong></span> <span class='ocrx_word' id='word_1_66' title='bbox 1664 714 1742 758; x_wconf 89' lang='lat' dir='ltr'><strong>ad-</strong></span> 
     </span>
     <span class='ocr_line' id='line_1_9' title="bbox 150 791 1743 852; baseline 0 -14"><span class='ocrx_word' id='word_1_67' title='bbox 150 795 429 850; x_wconf 82' lang='lat' dir='ltr'><strong>haerentem,</strong></span> <span class='ocrx_word' id='word_1_68' title='bbox 468 807 671 852; x_wconf 88' lang='lat' dir='ltr'><strong>pugnare</strong></span> <span class='ocrx_word' id='word_1_69' title='bbox 715 792 889 835; x_wconf 85' lang='lat' dir='ltr'><strong>dicitur.</strong></span> <span class='ocrx_word' id='word_1_70' title='bbox 906 791 942 850; x_wconf 80' lang='lat'><strong>⁸)</strong></span> <span class='ocrx_word' id='word_1_71' title='bbox 1005 793 1164 850; x_wconf 87' lang='lat' dir='ltr'><strong>Itaque</strong></span> <span class='ocrx_word' id='word_1_72' title='bbox 1204 793 1241 836; x_wconf 91' lang='lat' dir='ltr'><strong>si</strong></span> <span class='ocrx_word' id='word_1_73' title='bbox 1283 793 1337 836; x_wconf 91' lang='lat' dir='ltr'><strong>ab</strong></span> <span class='ocrx_word' id='word_1_74' title='bbox 1377 793 1582 837; x_wconf 84' lang='lat' dir='ltr'><strong>Hesiodo</strong></span> <span class='ocrx_word' id='word_1_75' title='bbox 1625 794 1743 838; x_wconf 84' lang='lat' dir='ltr'><strong>aliis-</strong></span> 
     </span>
     <span class='ocr_line' id='line_1_10' title="bbox 152 872 1741 932; baseline -0.001 -15"><span class='ocrx_word' id='word_1_76' title='bbox 152 889 238 932; x_wconf 88' lang='lat' dir='ltr'><strong>que</strong></span> <span class='ocrx_word' id='word_1_77' title='bbox 277 873 426 916; x_wconf 90' lang='lat' dir='ltr'><strong>multis</strong></span> <span class='ocrx_word' id='word_1_78' title='bbox 465 872 644 915; x_wconf 90' lang='lat' dir='ltr'><strong>serioris</strong></span> <span class='ocrx_word' id='word_1_79' title='bbox 686 872 843 915; x_wconf 88' lang='lat' dir='ltr'><strong>aetatis</strong></span> <span class='ocrx_word' id='word_1_80' title='bbox 877 872 1172 929; x_wconf 83' lang='lat' dir='ltr'><strong>scriptoribus</strong></span> <span class='ocrx_word' id='word_1_81' title='bbox 1203 873 1411 929; x_wconf 82' lang='grc' dir='ltr'><strong><em>δαίμονες</em></strong></span> <span class='ocrx_word' id='word_1_82' title='bbox 1442 872 1629 916; x_wconf 89' lang='lat' dir='ltr'><strong>deorum</strong></span> <span class='ocrx_word' id='word_1_83' title='bbox 1662 872 1741 916; x_wconf 90' lang='lat' dir='ltr'><strong>ad-</strong></span> 
     </span>
     <span class='ocr_line' id='line_1_11' title="bbox 150 950 1743 1009; baseline -0.001 -12"><span class='ocrx_word' id='word_1_84' title='bbox 150 953 336 997; x_wconf 84' lang='lat' dir='ltr'><strong>ministri</strong></span> <span class='ocrx_word' id='word_1_85' title='bbox 377 951 608 1006; x_wconf 88' lang='lat' dir='ltr'><strong>dicuntur,</strong></span> <span class='ocrx_word' id='word_1_86' title='bbox 649 950 767 1009; x_wconf 88' lang='lat' dir='ltr'><strong>apud</strong></span> <span class='ocrx_word' id='word_1_87' title='bbox 809 951 1056 994; x_wconf 86' lang='lat' dir='ltr'><strong>Homerum</strong></span> <span class='ocrx_word' id='word_1_88' title='bbox 1090 950 1149 995; x_wconf 91' lang='lat' dir='ltr'><strong>dii</strong></span> <span class='ocrx_word' id='word_1_89' title='bbox 1181 952 1331 1009; x_wconf 89' lang='lat' dir='ltr'><strong>potius</strong></span> <span class='ocrx_word' id='word_1_90' title='bbox 1363 952 1574 1008; x_wconf 85' lang='grc' dir='ltr'><strong><em>δαίμονος</em></strong></span> <span class='ocrx_word' id='word_1_91' title='bbox 1605 951 1743 996; x_wconf 81' lang='lat' dir='ltr'><strong>admi-</strong></span> 
     </span>
     <span class='ocr_line' id='line_1_12' title="bbox 150 1031 1738 1089; baseline -0.001 -13"><span class='ocrx_word' id='word_1_92' title='bbox 150 1033 277 1076; x_wconf 87' lang='lat' dir='ltr'><strong>nistri</strong></span> <span class='ocrx_word' id='word_1_93' title='bbox 300 1037 405 1074; x_wconf 91' lang='lat' dir='ltr'><strong>sunt</strong></span> <span class='ocrx_word' id='word_1_94' title='bbox 428 1031 612 1087; x_wconf 87' lang='lat' dir='ltr'><strong>eiusque</strong></span> <span class='ocrx_word' id='word_1_95' title='bbox 638 1046 890 1088; x_wconf 84' lang='lat' dir='ltr'><strong>supremam</strong></span> <span class='ocrx_word' id='word_1_96' title='bbox 923 1031 1011 1074; x_wconf 89' lang='lat' dir='ltr'><strong>vim</strong></span> <span class='ocrx_word' id='word_1_97' title='bbox 1044 1046 1096 1074; x_wconf 88' lang='lat' dir='ltr'><strong>ac</strong></span> <span class='ocrx_word' id='word_1_98' title='bbox 1118 1032 1394 1074; x_wconf 83' lang='lat' dir='ltr'><strong>voluntatem</strong></span> <span class='ocrx_word' id='word_1_99' title='bbox 1418 1038 1738 1089; x_wconf 86' lang='lat' dir='ltr'><strong>exsequuntur.</strong></span> 
     </span>
    </p>

    <p class='ocr_par' dir='ltr' id='par_1_3' title="bbox 145 1109 1742 1799">
     <span class='ocr_line' id='line_1_13' title="bbox 267 1109 1742 1167; baseline 0.001 -15"><span class='ocrx_word' id='word_1_100' title='bbox 267 1110 337 1153; x_wconf 85' lang='lat' dir='ltr'><strong>Ex</strong></span> <span class='ocrx_word' id='word_1_101' title='bbox 363 1109 437 1153; x_wconf 53' lang='lat' dir='ltr'><strong>*his</strong></span> <span class='ocrx_word' id='word_1_102' title='bbox 470 1115 628 1167; x_wconf 15' lang='lat' dir='ltr'><strong>autem*</strong></span> <span class='ocrx_word' id='word_1_103' title='bbox 651 1115 853 1166; x_wconf 90' lang='lat' dir='ltr'><strong>apertum</strong></span> <span class='ocrx_word' id='word_1_104' title='bbox 885 1110 950 1165; x_wconf 80' lang='lat' dir='ltr'><strong>fit,</strong></span> <span class='ocrx_word' id='word_1_105' title='bbox 983 1126 1115 1167; x_wconf 90' lang='lat' dir='ltr'><strong>quam</strong></span> <span class='ocrx_word' id='word_1_106' title='bbox 1146 1111 1277 1153; x_wconf 86' lang='lat' dir='ltr'><strong>facile</strong></span> <span class='ocrx_word' id='word_1_107' title='bbox 1309 1112 1520 1166; x_wconf 84' lang='grc' dir='ltr'><strong><em>δαίμονος</em></strong></span> <span class='ocrx_word' id='word_1_108' title='bbox 1552 1111 1619 1154; x_wconf 86' lang='lat' dir='ltr'><strong>vis</strong></span> <span class='ocrx_word' id='word_1_109' title='bbox 1653 1111 1742 1154; x_wconf 87' lang='lat' dir='ltr'><strong>sin-</strong></span> 
     </span>
     <span class='ocr_line' id='line_1_14' title="bbox 149 1188 1742 1247; baseline 0 -15"><span class='ocrx_word' id='word_1_110' title='bbox 149 1189 265 1247; x_wconf 89' lang='lat' dir='ltr'><strong>gulis</strong></span> <span class='ocrx_word' id='word_1_111' title='bbox 299 1188 382 1232; x_wconf 86' lang='lat' dir='ltr'><strong>diis</strong></span> <span class='ocrx_word' id='word_1_112' title='bbox 415 1188 613 1245; x_wconf 88' lang='lat' dir='ltr'><strong>potuerit</strong></span> <span class='ocrx_word' id='word_1_113' title='bbox 643 1188 791 1245; x_wconf 90' lang='lat' dir='ltr'><strong>putari</strong></span> <span class='ocrx_word' id='word_1_114' title='bbox 824 1188 1049 1246; x_wconf 83' lang='lat' dir='ltr'><strong>superior3</strong></span> <span class='ocrx_word' id='word_1_115' title='bbox 1081 1188 1127 1231; x_wconf 92' lang='lat' dir='ltr'><strong>id</strong></span> <span class='ocrx_word' id='word_1_116' title='bbox 1161 1189 1284 1246; x_wconf 91' lang='lat' dir='ltr'><strong>quod</strong></span> <span class='ocrx_word' id='word_1_117' title='bbox 1317 1190 1497 1232; x_wconf 89' lang='lat' dir='ltr'><strong>evenire</strong></span> <span class='ocrx_word' id='word_1_118' title='bbox 1532 1188 1742 1245; x_wconf 80' lang='lat' dir='ltr'><strong>debebat,</strong></span> 
     </span>
     <span class='ocr_line' id='line_1_15' title="bbox 147 1267 1742 1327; baseline 0.001 -16"><span class='ocrx_word' id='word_1_119' title='bbox 147 1268 223 1311; x_wconf 89' lang='lat' dir='ltr'><strong>ubi</strong></span> <span class='ocrx_word' id='word_1_120' title='bbox 257 1267 625 1311; x_wconf 85' lang='lat' dir='ltr'><strong>dissentientibus</strong></span> <span class='ocrx_word' id='word_1_121' title='bbox 659 1267 742 1311; x_wconf 89' lang='lat' dir='ltr'><strong>diis</strong></span> <span class='ocrx_word' id='word_1_122' title='bbox 777 1273 822 1310; x_wconf 87' lang='lat' dir='ltr'><strong>et</strong></span> <span class='ocrx_word' id='word_1_123' title='bbox 853 1267 1031 1311; x_wconf 87' lang='lat' dir='ltr'><strong>diversa</strong></span> <span class='ocrx_word' id='word_1_124' title='bbox 1070 1283 1123 1311; x_wconf 88' lang='lat' dir='ltr'><strong>ac</strong></span> <span class='ocrx_word' id='word_1_125' title='bbox 1163 1268 1410 1327; x_wconf 86' lang='lat' dir='ltr'><strong>pugnantia</strong></span> <span class='ocrx_word' id='word_1_126' title='bbox 1450 1268 1742 1325; x_wconf 89' lang='lat' dir='ltr'><strong>sequentibus</strong></span> 
     </span>
     <span class='ocr_line' id='line_1_16' title="bbox 149 1345 1742 1405; baseline 0.001 -15"><span class='ocrx_word' id='word_1_127' title='bbox 149 1362 345 1391; x_wconf 91' lang='lat' dir='ltr'><strong>summus</strong></span> <span class='ocrx_word' id='word_1_128' title='bbox 385 1346 567 1405; x_wconf 83' lang='lat' dir='ltr'><strong>quidam</strong></span> <span class='ocrx_word' id='word_1_129' title='bbox 604 1347 705 1391; x_wconf 90' lang='lat' dir='ltr'><strong>finis</strong></span> <span class='ocrx_word' id='word_1_130' title='bbox 747 1346 1068 1405; x_wconf 89' lang='lat' dir='ltr'><strong>proponendus</strong></span> <span class='ocrx_word' id='word_1_131' title='bbox 1119 1354 1225 1391; x_wconf 87' lang='lat' dir='ltr'><strong>erat.</strong></span> <span class='ocrx_word' id='word_1_132' title='bbox 1300 1345 1452 1402; x_wconf 83' lang='lat' dir='ltr'><strong>Quare</strong></span> <span class='ocrx_word' id='word_1_133' title='bbox 1493 1353 1538 1391; x_wconf 87' lang='lat' dir='ltr'><strong>et</strong></span> <span class='ocrx_word' id='word_1_134' title='bbox 1577 1345 1742 1392; x_wconf 89' lang='lat' dir='ltr'><strong>Graeci</strong></span> 
     </span>
     <span class='ocr_line' id='line_1_17' title="bbox 148 1426 1741 1485; baseline 0.001 -16"><span class='ocrx_word' id='word_1_135' title='bbox 148 1434 193 1469; x_wconf 89' lang='lat' dir='ltr'><strong>et</strong></span> <span class='ocrx_word' id='word_1_136' title='bbox 209 1427 390 1470; x_wconf 87' lang='lat' dir='ltr'><strong>Troiani</strong></span> <span class='ocrx_word' id='word_1_137' title='bbox 411 1426 625 1469; x_wconf 88' lang='lat' dir='ltr'><strong>victoriae</strong></span> <span class='ocrx_word' id='word_1_138' title='bbox 649 1427 998 1484; x_wconf 84' lang='lat' dir='ltr'><strong>assignationem</strong></span> <span class='ocrx_word' id='word_1_139' title='bbox 1025 1443 1115 1470; x_wconf 92' lang='lat' dir='ltr'><strong>non</strong></span> <span class='ocrx_word' id='word_1_140' title='bbox 1137 1443 1163 1470; x_wconf 90' lang='lat' dir='ltr'><strong>a</strong></span> <span class='ocrx_word' id='word_1_141' title='bbox 1181 1427 1365 1470; x_wconf 91' lang='lat' dir='ltr'><strong>deorum</strong></span> <span class='ocrx_word' id='word_1_142' title='bbox 1387 1427 1552 1483; x_wconf 89' lang='lat' dir='ltr'><strong>aliquo,</strong></span> <span class='ocrx_word' id='word_1_143' title='bbox 1574 1428 1741 1485; x_wconf 91' lang='lat' dir='ltr'><strong>quippe</strong></span> 
     </span>
     <span class='ocr_line' id='line_1_18' title="bbox 148 1505 1740 1564; baseline 0.001 -16"><span class='ocrx_word' id='word_1_144' title='bbox 148 1506 223 1562; x_wconf 90' lang='lat' dir='ltr'><strong>qui</strong></span> <span class='ocrx_word' id='word_1_145' title='bbox 253 1506 340 1563; x_wconf 91' lang='lat' dir='ltr'><strong>ipsi</strong></span> <span class='ocrx_word' id='word_1_146' title='bbox 373 1505 586 1548; x_wconf 82' lang='lat' dir='ltr'><strong>acerrime</strong></span> <span class='ocrx_word' id='word_1_147' title='bbox 619 1505 735 1548; x_wconf 89' lang='lat' dir='ltr'><strong>inter</strong></span> <span class='ocrx_word' id='word_1_148' title='bbox 768 1521 815 1548; x_wconf 93' lang='lat' dir='ltr'><strong>se</strong></span> <span class='ocrx_word' id='word_1_149' title='bbox 847 1512 1127 1564; x_wconf 79' lang='lat' dir='ltr'><strong>pugnarent,</strong></span> <span class='ocrx_word' id='word_1_150' title='bbox 1161 1521 1307 1562; x_wconf 90' lang='lat' dir='ltr'><strong>neque</strong></span> <span class='ocrx_word' id='word_1_151' title='bbox 1340 1521 1367 1548; x_wconf 90' lang='lat' dir='ltr'><strong>a</strong></span> <span class='ocrx_word' id='word_1_152' title='bbox 1397 1505 1533 1560; x_wconf 89' lang='lat' dir='ltr'><strong>love,</strong></span> <span class='ocrx_word' id='word_1_153' title='bbox 1573 1506 1740 1563; x_wconf 90' lang='lat' dir='ltr'><strong>quippe</strong></span> 
     </span>
     <span class='ocr_line' id='line_1_19' title="bbox 147 1583 1742 1641; baseline 0 -14"><span class='ocrx_word' id='word_1_154' title='bbox 147 1585 222 1641; x_wconf 91' lang='lat' dir='ltr'><strong>qui</strong></span> <span class='ocrx_word' id='word_1_155' title='bbox 268 1585 314 1627; x_wconf 89' lang='lat' dir='ltr'><strong>in</strong></span> <span class='ocrx_word' id='word_1_156' title='bbox 361 1591 565 1626; x_wconf 88' lang='lat' dir='ltr'><strong>neutram</strong></span> <span class='ocrx_word' id='word_1_157' title='bbox 606 1591 778 1641; x_wconf 89' lang='lat' dir='ltr'><strong>partem</strong></span> <span class='ocrx_word' id='word_1_158' title='bbox 818 1584 1047 1627; x_wconf 86' lang='lat' dir='ltr'><strong>videretur</strong></span> <span class='ocrx_word' id='word_1_159' title='bbox 1087 1585 1353 1627; x_wconf 88' lang='lat' dir='ltr'><strong>sententiam</strong></span> <span class='ocrx_word' id='word_1_160' title='bbox 1391 1584 1569 1638; x_wconf 89' lang='lat' dir='ltr'><strong>tulisse,</strong></span> <span class='ocrx_word' id='word_1_161' title='bbox 1602 1583 1683 1627; x_wconf 87' lang='lat' dir='ltr'><strong>sed</strong></span> <span class='ocrx_word' id='word_1_162' title='bbox 1716 1601 1742 1627; x_wconf 84' lang='lat' dir='ltr'><strong>a</strong></span> 
     </span>
     <span class='ocr_line' id='line_1_20' title="bbox 148 1661 1740 1720; baseline 0 -15"><span class='ocrx_word' id='word_1_163' title='bbox 148 1665 364 1718; x_wconf 78' lang='lat' dir='ltr'><strong>daemone,</strong></span> <span class='ocrx_word' id='word_1_164' title='bbox 387 1670 612 1719; x_wconf 90' lang='lat' dir='ltr'><strong>tamquam</strong></span> <span class='ocrx_word' id='word_1_165' title='bbox 634 1663 853 1720; x_wconf 90' lang='lat' dir='ltr'><strong>principio</strong></span> <span class='ocrx_word' id='word_1_166' title='bbox 876 1663 1146 1720; x_wconf 87' lang='lat' dir='ltr'><strong>potentiore,</strong></span> <span class='ocrx_word' id='word_1_167' title='bbox 1169 1661 1545 1720; x_wconf 68' lang='lat' dir='ltr'><strong>exspectabant‘).</strong></span> <span class='ocrx_word' id='word_1_168' title='bbox 1588 1662 1740 1719; x_wconf 90' lang='lat' dir='ltr'><strong>Atque</strong></span> 
     </span>
     <span class='ocr_line' id='line_1_21' title="bbox 145 1738 1741 1799; baseline 0 -14"><span class='ocrx_word' id='word_1_169' title='bbox 145 1742 254 1785; x_wconf 88' lang='lat' dir='ltr'><strong>haec</strong></span> <span class='ocrx_word' id='word_1_170' title='bbox 288 1757 425 1784; x_wconf 87' lang='lat' dir='ltr'><strong>causa</strong></span> <span class='ocrx_word' id='word_1_171' title='bbox 456 1742 633 1784; x_wconf 85' lang='lat' dir='ltr'><strong>videtur</strong></span> <span class='ocrx_word' id='word_1_172' title='bbox 663 1742 817 1797; x_wconf 88' lang='lat' dir='ltr'><strong>fuisse,</strong></span> <span class='ocrx_word' id='word_1_173' title='bbox 851 1757 931 1784; x_wconf 91' lang='lat' dir='ltr'><strong>cur</strong></span> <span class='ocrx_word' id='word_1_174' title='bbox 953 1741 1014 1784; x_wconf 89' lang='lat' dir='ltr'><strong>dii</strong></span> <span class='ocrx_word' id='word_1_175' title='bbox 1044 1742 1131 1799; x_wconf 89' lang='lat' dir='ltr'><strong>ipsi</strong></span> <span class='ocrx_word' id='word_1_176' title='bbox 1155 1738 1248 1797; x_wconf 89' lang='lat' dir='ltr'><strong>eos,</strong></span> <span class='ocrx_word' id='word_1_177' title='bbox 1281 1742 1326 1784; x_wconf 93' lang='lat' dir='ltr'><strong>in</strong></span> <span class='ocrx_word' id='word_1_178' title='bbox 1348 1742 1510 1799; x_wconf 90' lang='lat' dir='ltr'><strong>quibus</strong></span> <span class='ocrx_word' id='word_1_179' title='bbox 1532 1743 1741 1797; x_wconf 80' lang='grc' dir='ltr'><strong><em>δαίμονος</em></strong></span> 
     </span>
    </p>
   </div>
   <div class='ocr_carea' id='block_1_3' title="bbox 156 1859 436 1867">
    <p class='ocr_par' dir='ltr' id='par_1_4' title="bbox 156 1859 436 1867">
     <span class='ocr_line' id='line_1_22' title="bbox 156 1859 436 1867; baseline 0 0"><span class='ocrx_word' id='word_1_180' title='bbox 156 1859 436 1867; x_wconf 95' lang='lat' dir='ltr'><strong> </strong></span> 
     </span>
    </p>
   </div>
   <div class='ocr_carea' id='block_1_4' title="bbox 146 1937 1740 2901">
    <p class='ocr_par' dir='ltr' id='par_1_5' title="bbox 146 1937 1740 2901">
     <span class='ocr_line' id='line_1_23' title="bbox 247 1937 570 1982; baseline 0.003 -11"><span class='ocrx_word' id='word_1_181' title='bbox 247 1939 281 1982; x_wconf 91' lang='grc'><strong>1)</strong></span> <span class='ocrx_word' id='word_1_182' title='bbox 325 1937 473 1974; x_wconf 86' lang='lat' dir='ltr'><strong>Teueer</strong></span> <span class='ocrx_word' id='word_1_183' title='bbox 498 1937 570 1972; x_wconf 85' lang='lat' dir='ltr'><strong>ait:</strong></span> 
     </span>
     <span class='ocr_line' id='line_1_24' title="bbox 362 1994 1369 2046; baseline -0.001 -12"><span class='ocrx_word' id='word_1_184' title='bbox 362 1995 420 2042; x_wconf 64' lang='grc' dir='ltr'><strong>»Ὦ</strong></span> <span class='ocrx_word' id='word_1_185' title='bbox 442 1996 560 2042; x_wconf 82' lang='grc' dir='ltr'><em>πόποι,</em></span> <span class='ocrx_word' id='word_1_186' title='bbox 586 1994 607 2042; x_wconf 82' lang='grc' dir='ltr'><strong><em>ἦ</em></strong></span> <span class='ocrx_word' id='word_1_187' title='bbox 634 1995 675 2042; x_wconf 78' lang='grc' dir='ltr'><strong>δὴ</strong></span> <span class='ocrx_word' id='word_1_188' title='bbox 701 1995 822 2045; x_wconf 80' lang='grc' dir='ltr'><em>πάγχυ</em></span> <span class='ocrx_word' id='word_1_189' title='bbox 846 1995 966 2046; x_wconf 83' lang='grc' dir='ltr'><strong><em>μάχης</em></strong></span> <span class='ocrx_word' id='word_1_190' title='bbox 991 1994 1050 2033; x_wconf 78' lang='grc' dir='ltr'><strong>ἐπὶ</strong></span> <span class='ocrx_word' id='word_1_191' title='bbox 1073 1994 1194 2046; x_wconf 70' lang='grc' dir='ltr'><strong><em>μήδεα</em></strong></span> <span class='ocrx_word' id='word_1_192' title='bbox 1217 1996 1369 2045; x_wconf 81' lang='grc' dir='ltr'><em>κείρει</em></span> 
     </span>
     <span class='ocr_line' id='line_1_25' title="bbox 364 2056 1091 2108; baseline -0.003 -14"><span class='ocrx_word' id='word_1_193' title='bbox 364 2058 544 2107; x_wconf 84' lang='grc' dir='ltr'><strong><em>δαίμων</em></strong></span> <span class='ocrx_word' id='word_1_194' title='bbox 569 2056 777 2108; x_wconf 78' lang='grc' dir='ltr'><strong><em>ἧμετέρης.“</em></strong></span> <span class='ocrx_word' id='word_1_195' title='bbox 825 2059 868 2096; x_wconf 92' lang='lat' dir='ltr'><strong>Il.</strong></span> <span class='ocrx_word' id='word_1_196' title='bbox 894 2059 979 2105; x_wconf 89' lang='lat' dir='ltr'><strong>XV,</strong></span> <span class='ocrx_word' id='word_1_197' title='bbox 1008 2061 1091 2093; x_wconf 86' lang='grc'>367.</span> 
     </span>
     <span class='ocr_line' id='line_1_26' title="bbox 146 2120 988 2167; baseline -0.005 -9"><span class='ocrx_word' id='word_1_198' title='bbox 146 2121 244 2158; x_wconf 85' lang='lat' dir='ltr'><strong>Aiax</strong></span> <span class='ocrx_word' id='word_1_199' title='bbox 270 2124 422 2167; x_wconf 80' lang='lat' dir='ltr'><strong>contra,</strong></span> <span class='ocrx_word' id='word_1_200' title='bbox 450 2120 499 2157; x_wconf 87' lang='lat' dir='ltr'><strong>ad</strong></span> <span class='ocrx_word' id='word_1_201' title='bbox 523 2120 588 2157; x_wconf 86' lang='lat' dir='ltr'><strong>illa</strong></span> <span class='ocrx_word' id='word_1_202' title='bbox 613 2120 732 2157; x_wconf 83' lang='lat' dir='ltr'><strong>verba</strong></span> <span class='ocrx_word' id='word_1_203' title='bbox 756 2120 988 2167; x_wconf 83' lang='lat' dir='ltr'><strong>respiciens:</strong></span> 
     </span>
     <span class='ocr_line' id='line_1_27' title="bbox 360 2178 1093 2231; baseline -0.003 -13"><span class='ocrx_word' id='word_1_204' title='bbox 360 2204 430 2225; x_wconf 89' lang='lat'><strong>„—</strong></span> <span class='ocrx_word' id='word_1_205' title='bbox 457 2180 577 2229; x_wconf 81' lang='grc' dir='ltr'><strong><em>πάχχυ</em></strong></span> <span class='ocrx_word' id='word_1_206' title='bbox 600 2180 722 2231; x_wconf 79' lang='grc' dir='ltr'><strong><em>μάχης</em></strong></span> <span class='ocrx_word' id='word_1_207' title='bbox 746 2178 805 2217; x_wconf 78' lang='grc' dir='ltr'><strong>ἐπὶ</strong></span> <span class='ocrx_word' id='word_1_208' title='bbox 827 2178 949 2230; x_wconf 74' lang='grc' dir='ltr'><strong><em>μήδεα</em></strong></span> <span class='ocrx_word' id='word_1_209' title='bbox 972 2184 1093 2229; x_wconf 68' lang='grc' dir='ltr'><strong>πεῖρεν</strong></span> 
     </span>
     <span class='ocr_line' id='line_1_28' title="bbox 364 2240 1110 2290; baseline -0.001 -13"><span class='ocrx_word' id='word_1_210' title='bbox 364 2241 478 2282; x_wconf 77' lang='grc' dir='ltr'><strong>Ζεύς</strong></span> <span class='ocrx_word' id='word_1_211' title='bbox 501 2240 778 2290; x_wconf 77' lang='grc' dir='ltr'><strong><em>ὖψιβρεμέτης.“</em></strong></span> <span class='ocrx_word' id='word_1_212' title='bbox 826 2242 870 2277; x_wconf 92' lang='lat' dir='ltr'><strong>Il.</strong></span> <span class='ocrx_word' id='word_1_213' title='bbox 895 2241 1000 2286; x_wconf 89' lang='lat' dir='ltr'><strong>XVI,</strong></span> <span class='ocrx_word' id='word_1_214' title='bbox 1029 2242 1110 2276; x_wconf 84' lang='lat'>120.</span> 
     </span>
     <span class='ocr_line' id='line_1_29' title="bbox 243 2299 1740 2350; baseline -0.002 -10"><span class='ocrx_word' id='word_1_215' title='bbox 243 2304 280 2349; x_wconf 85' lang='lat'><strong>2)</strong></span> <span class='ocrx_word' id='word_1_216' title='bbox 323 2303 588 2350; x_wconf 82' lang='lat' dir='ltr'><strong>Telemachus,</strong></span> <span class='ocrx_word' id='word_1_217' title='bbox 634 2301 727 2349; x_wconf 87' lang='lat' dir='ltr'><strong>„si‚“</strong></span> <span class='ocrx_word' id='word_1_218' title='bbox 760 2301 902 2348; x_wconf 87' lang='lat' dir='ltr'><strong>inquit,</strong></span> <span class='ocrx_word' id='word_1_219' title='bbox 936 2304 1111 2347; x_wconf 85' lang='lat' dir='ltr'><strong>„matrem</strong></span> <span class='ocrx_word' id='word_1_220' title='bbox 1138 2300 1338 2347; x_wconf 89' lang='lat' dir='ltr'><strong>remisero,</strong></span> <span class='ocrx_word' id='word_1_221' title='bbox 1384 2300 1541 2348; x_wconf 88' lang='lat' dir='ltr'><strong>primum</strong></span> <span class='ocrx_word' id='word_1_222' title='bbox 1575 2299 1624 2336; x_wconf 85' lang='lat' dir='ltr'><strong>ab</strong></span> <span class='ocrx_word' id='word_1_223' title='bbox 1658 2300 1740 2337; x_wconf 81' lang='lat' dir='ltr'><strong>eius</strong></span> 
     </span>
     <span class='ocr_line' id='line_1_30' title="bbox 146 2363 618 2412; baseline -0.002 -11"><span class='ocrx_word' id='word_1_224' title='bbox 146 2367 257 2412; x_wconf 86' lang='lat' dir='ltr'><strong>patre</strong></span> <span class='ocrx_word' id='word_1_225' title='bbox 282 2363 380 2400; x_wconf 88' lang='lat' dir='ltr'><strong>mala</strong></span> <span class='ocrx_word' id='word_1_226' title='bbox 405 2364 618 2412; x_wconf 83' lang='lat' dir='ltr'><strong>perpetiar3</strong></span> 
     </span>
     <span class='ocr_line' id='line_1_31' title="bbox 361 2422 811 2473; baseline -0.002 -13"><span class='ocrx_word' id='word_1_227' title='bbox 361 2446 429 2469; x_wconf 87' lang='lat'><strong>‚,—</strong></span> <span class='ocrx_word' id='word_1_228' title='bbox 459 2422 547 2460; x_wconf 77' lang='grc' dir='ltr'><strong>ἄλλα</strong></span> <span class='ocrx_word' id='word_1_229' title='bbox 572 2422 612 2460; x_wconf 81' lang='grc' dir='ltr'><strong>δὲ</strong></span> <span class='ocrx_word' id='word_1_230' title='bbox 638 2422 811 2473; x_wconf 80' lang='grc' dir='ltr'><strong><em>δαίμων</em></strong></span> 
     </span>
     <span class='ocr_line' id='line_1_32' title="bbox 364 2482 1427 2534; baseline -0.003 -14"><span class='ocrx_word' id='word_1_231' title='bbox 364 2483 481 2521; x_wconf 78' lang='grc' dir='ltr'><strong><em>δώσει·</em></strong></span> <span class='ocrx_word' id='word_1_232' title='bbox 507 2483 585 2521; x_wconf 80' lang='grc' dir='ltr'><em>ἐπεὶ</em></span> <span class='ocrx_word' id='word_1_233' title='bbox 607 2483 723 2534; x_wconf 78' lang='grc' dir='ltr'><strong><em>μήτηρ</em></strong></span> <span class='ocrx_word' id='word_1_234' title='bbox 750 2482 965 2533; x_wconf 76' lang='grc' dir='ltr'><strong><em>στυγερᾶς</em></strong></span> <span class='ocrx_word' id='word_1_235' title='bbox 990 2482 1170 2532; x_wconf 56' lang='grc' dir='ltr'><strong>ἀρήσετ’</strong></span> <span class='ocrx_word' id='word_1_236' title='bbox 1195 2482 1427 2532; x_wconf 79' lang='grc' dir='ltr'><strong><em>Ἐριννῦς.“</em></strong></span> 
     </span>
     <span class='ocr_line' id='line_1_33' title="bbox 147 2541 1740 2598; baseline -0.003 -15"><span class='ocrx_word' id='word_1_237' title='bbox 147 2546 218 2583; x_wconf 86' lang='lat' dir='ltr'><strong>od.</strong></span> <span class='ocrx_word' id='word_1_238' title='bbox 239 2547 288 2593; x_wconf 88' lang='grc' dir='ltr'><strong>ΙΙ,</strong></span> <span class='ocrx_word' id='word_1_239' title='bbox 312 2549 399 2594; x_wconf 80' lang='lat'><strong>1343</strong></span> <span class='ocrx_word' id='word_1_240' title='bbox 426 2546 500 2583; x_wconf 89' lang='lat' dir='ltr'><strong>hoc</strong></span> <span class='ocrx_word' id='word_1_241' title='bbox 526 2550 604 2583; x_wconf 87' lang='lat' dir='ltr'><strong>est:</strong></span> <span class='ocrx_word' id='word_1_242' title='bbox 632 2547 706 2583; x_wconf 85' lang='lat' dir='ltr'><strong>alia</strong></span> <span class='ocrx_word' id='word_1_243' title='bbox 730 2546 828 2583; x_wconf 84' lang='lat' dir='ltr'><strong>mala</strong></span> <span class='ocrx_word' id='word_1_244' title='bbox 855 2546 1016 2583; x_wconf 88' lang='lat' dir='ltr'><strong>daemon</strong></span> <span class='ocrx_word' id='word_1_245' title='bbox 1041 2544 1253 2592; x_wconf 86' lang='lat' dir='ltr'><strong>impendet,</strong></span> <span class='ocrx_word' id='word_1_246' title='bbox 1280 2544 1385 2598; x_wconf 82' lang='lat' dir='ltr'><strong>cuius</strong></span> <span class='ocrx_word' id='word_1_247' title='bbox 1411 2544 1470 2580; x_wconf 86' lang='lat' dir='ltr'><strong>vis</strong></span> <span class='ocrx_word' id='word_1_248' title='bbox 1495 2553 1536 2579; x_wconf 86' lang='lat' dir='ltr'><strong>se</strong></span> <span class='ocrx_word' id='word_1_249' title='bbox 1562 2541 1740 2579; x_wconf 83' lang='lat' dir='ltr'><strong>ostendet</strong></span> 
     </span>
     <span class='ocr_line' id='line_1_34' title="bbox 146 2606 1103 2654; baseline 0 -11"><span class='ocrx_word' id='word_1_250' title='bbox 146 2607 184 2643; x_wconf 90' lang='lat' dir='ltr'><strong>in</strong></span> <span class='ocrx_word' id='word_1_251' title='bbox 208 2607 403 2643; x_wconf 87' lang='lat' dir='ltr'><strong>Furiarum</strong></span> <span class='ocrx_word' id='word_1_252' title='bbox 430 2618 452 2643; x_wconf 87' lang='lat' dir='ltr'><strong>a</strong></span> <span class='ocrx_word' id='word_1_253' title='bbox 472 2611 597 2644; x_wconf 83' lang='lat' dir='ltr'><strong>matre</strong></span> <span class='ocrx_word' id='word_1_254' title='bbox 623 2607 871 2644; x_wconf 85' lang='lat' dir='ltr'><strong>immissarum</strong></span> <span class='ocrx_word' id='word_1_255' title='bbox 896 2606 1103 2654; x_wconf 88' lang='lat' dir='ltr'><strong>suppliciis.</strong></span> 
     </span>
     <span class='ocr_line' id='line_1_35' title="bbox 244 2663 1429 2717; baseline -0.001 -16"><span class='ocrx_word' id='word_1_256' title='bbox 244 2668 279 2713; x_wconf 81' lang='lat'><strong>3)</strong></span> <span class='ocrx_word' id='word_1_257' title='bbox 320 2664 481 2710; x_wconf 57' lang='grc' dir='ltr'><strong>,,’07ι7ιοτΣ</strong></span> <span class='ocrx_word' id='word_1_258' title='bbox 507 2665 597 2717; x_wconf 80' lang='grc' dir='ltr'><strong>ἆνὴρ</strong></span> <span class='ocrx_word' id='word_1_259' title='bbox 624 2665 731 2716; x_wconf 76' lang='grc' dir='ltr'><strong><em>ἐθέλῃ</em></strong></span> <span class='ocrx_word' id='word_1_260' title='bbox 758 2665 872 2717; x_wconf 61' lang='lat' dir='ltr'><strong>necis</strong></span> <span class='ocrx_word' id='word_1_261' title='bbox 896 2665 1090 2716; x_wconf 78' lang='grc' dir='ltr'><strong><em>δαίμονα</em></strong></span> <span class='ocrx_word' id='word_1_262' title='bbox 1114 2664 1210 2714; x_wconf 81' lang='grc' dir='ltr'><em>φωτὶ</em></span> <span class='ocrx_word' id='word_1_263' title='bbox 1232 2663 1429 2713; x_wconf 71' lang='grc' dir='ltr'><strong><em>μάχεσθαι,</em></strong></span> 
     </span>
     <span class='ocr_line' id='line_1_36' title="bbox 324 2726 1297 2777; baseline 0.003 -15"><span class='ocrx_word' id='word_1_264' title='bbox 324 2726 367 2762; x_wconf 82' lang='grc' dir='ltr'><strong>ὄν</strong></span> <span class='ocrx_word' id='word_1_265' title='bbox 390 2739 432 2763; x_wconf 82' lang='grc' dir='ltr'><strong>κε</strong></span> <span class='ocrx_word' id='word_1_266' title='bbox 456 2727 555 2770; x_wconf 74' lang='grc' dir='ltr'><strong>θεὸς</strong></span> <span class='ocrx_word' id='word_1_267' title='bbox 580 2731 724 2777; x_wconf 79' lang='grc' dir='ltr'><strong><em>τιμᾷ.“</em></strong></span> <span class='ocrx_word' id='word_1_268' title='bbox 752 2733 823 2767; x_wconf 84' lang='lat' dir='ltr'><strong>cet.</strong></span> <span class='ocrx_word' id='word_1_269' title='bbox 859 2730 900 2767; x_wconf 88' lang='lat' dir='ltr'><strong>Il.</strong></span> <span class='ocrx_word' id='word_1_270' title='bbox 928 2729 1050 2775; x_wconf 90' lang='lat' dir='ltr'><strong>XVII,</strong></span> <span class='ocrx_word' id='word_1_271' title='bbox 1078 2731 1122 2764; x_wconf 87' lang='lat'><strong>98</strong></span> <span class='ocrx_word' id='word_1_272' title='bbox 1150 2731 1189 2765; x_wconf 78' lang='lat' dir='ltr'><strong>et</strong></span> <span class='ocrx_word' id='word_1_273' title='bbox 1217 2729 1297 2763; x_wconf 88' lang='lat'>104.</span> 
     </span>
     <span class='ocr_line' id='line_1_37' title="bbox 244 2786 1354 2839; baseline -0.002 -16"><span class='ocrx_word' id='word_1_274' title='bbox 244 2790 280 2834; x_wconf 83' lang='lat'><strong>4)</strong></span> <span class='ocrx_word' id='word_1_275' title='bbox 323 2809 392 2832; x_wconf 85' lang='lat'><strong>‚‚—</strong></span> <span class='ocrx_word' id='word_1_276' title='bbox 418 2787 568 2834; x_wconf 69' lang='grc' dir='ltr'><em>ὕστερον</em></span> <span class='ocrx_word' id='word_1_277' title='bbox 593 2788 629 2823; x_wconf 79' lang='grc' dir='ltr'><strong>δ’</strong></span> <span class='ocrx_word' id='word_1_278' title='bbox 655 2787 741 2825; x_wconf 77' lang='grc' dir='ltr'><strong>αὖτε</strong></span> <span class='ocrx_word' id='word_1_279' title='bbox 764 2788 1005 2839; x_wconf 72' lang='grc' dir='ltr'><strong><em>μαχησόμεθ’,</em></strong></span> <span class='ocrx_word' id='word_1_280' title='bbox 1031 2787 1151 2824; x_wconf 77' lang='grc' dir='ltr'><strong><em>εἰσόκε</em></strong></span> <span class='ocrx_word' id='word_1_281' title='bbox 1175 2786 1354 2836; x_wconf 81' lang='grc' dir='ltr'><strong><em>δαίμων</em></strong></span> 
     </span>
     <span class='ocr_line' id='line_1_38' title="bbox 322 2842 1735 2901; baseline -0.003 -16"><span class='ocrx_word' id='word_1_282' title='bbox 322 2848 417 2901; x_wconf 79' lang='grc' dir='ltr'><strong><em>ἄμμι</em></strong></span> <span class='ocrx_word' id='word_1_283' title='bbox 442 2842 622 2899; x_wconf 58' lang='lat' dir='ltr'><strong>decuplata,</strong></span> <span class='ocrx_word' id='word_1_284' title='bbox 649 2849 723 2898; x_wconf 75' lang='grc' dir='ltr'><strong>δώῃ</strong></span> <span class='ocrx_word' id='word_1_285' title='bbox 750 2849 785 2886; x_wconf 84' lang='grc' dir='ltr'><strong>δ’</strong></span> <span class='ocrx_word' id='word_1_286' title='bbox 799 2848 952 2900; x_wconf 76' lang='grc' dir='ltr'><em>ἑτέροισί</em></span> <span class='ocrx_word' id='word_1_287' title='bbox 974 2861 1019 2900; x_wconf 80' lang='grc' dir='ltr'><strong>γε</strong></span> <span class='ocrx_word' id='word_1_288' title='bbox 1044 2848 1185 2897; x_wconf 79' lang='grc' dir='ltr'><strong><em>νὶκην.“</em></strong></span> <span class='ocrx_word' id='word_1_289' title='bbox 1233 2848 1278 2887; x_wconf 88' lang='grc' dir='ltr'><strong>ΙΙ.</strong></span> <span class='ocrx_word' id='word_1_290' title='bbox 1305 2848 1391 2895; x_wconf 88' lang='lat' dir='ltr'><strong>VII,</strong></span> <span class='ocrx_word' id='word_1_291' title='bbox 1413 2849 1501 2894; x_wconf 82' lang='lat'>2913</span> <span class='ocrx_word' id='word_1_292' title='bbox 1535 2847 1625 2894; x_wconf 75' lang='lat'><strong>3773</strong></span> <span class='ocrx_word' id='word_1_293' title='bbox 1652 2845 1735 2882; x_wconf 78' lang='lat'><strong>396.</strong></span> 
     </span>
    </p>
   </div>
  </div>
 </body>
</html>
