1927 3218
936 141 1002 191 20

165 284 287 340 aem)
321 282 499 338 dicitur,
518 282 551 342 ι)
591 283 729 327 verbo
763 283 819 328 de
851 282 1140 342 iniungendis
1167 282 1271 327 fatis
1293 284 1493 342 proprio,
1526 283 1648 341 quod
1669 284 1787 342 ple-⁷

167 377 355 419 rumque
405 361 462 405 ad
502 362 658 405 Iovem
700 369 746 406 et
784 362 952 406 Parcas
992 362 1200 420 pertinet.
1224 361 1260 420 ¹)
1338 362 1497 421 Itaque
1543 379 1625 422 pro
1664 361 1764 421 ipso

165 440 274 497 fato,
307 457 398 485 non
421 442 666 486 constituto
701 457 753 485 eo
778 441 859 486 sed
893 441 1202 497 constituenti,
1234 442 1425 499 δαίμονα
1457 441 1546 487 dici
1575 442 1764 496 licebat}

167 526 302 577 atque
334 520 439 563 inde
473 520 748 578 explicatur,
788 535 877 577 qua
907 521 1085 564 ratione
1113 520 1287 564 Hector
1318 521 1530 565 Diomedi
1563 537 1610 565 se
1645 520 1766 578 „oac-

166 614 283 656 μονα
313 597 510 644 δοόσεευνιι
553 599 703 643 dicere
745 598 1007 658 potuerit.⁸)
1069 599 1292 643 Daturum
1334 599 1514 657 quidem
1548 601 1589 644 ei
1619 616 1668 645 se
1703 600 1768 645 di-

168 678 231 721 cit
260 678 423 731 letum3
457 677 539 721 sed
572 693 653 735 pro
686 678 777 721 let-o
813 693 907 721 eam
940 679 1071 735 ponit
1103 679 1206 733 vim,
1239 693 1370 734 quae,
1401 684 1452 721 ut
1482 679 1574 722 fata
1606 680 1768 734 omnia,

170 758 235 802 sic
269 757 402 801 etiam
435 762 624 800 mortem
658 755 826 800 afferat.
838 755 875 815 ⁴³)

288 835 342 880 In
375 836 498 879 hisce
531 836 643 879 locis
677 835 884 879 omnibus
918 851 1008 879 non
1042 842 1166 878 certa
1197 836 1345 892 aliqua
1367 835 1553 880 deorum
1577 852 1769 894 persona

169 916 316 959 animo
350 914 631 970 obversatur,
664 914 745 957 sed
778 914 988 958 universa
1019 915 1087 958 vis
1120 914 1290 970 divina,
1324 930 1437 972 quae
1471 930 1632 958 arcana
1664 931 1768 972 qua-

153 989 272 1039 'dam
314 1001 447 1051 atque
488 994 864 1052 incomprehensa
902 995 1073 1038 ratione
1115 994 1360 1038 constituat
1391 1000 1554 1038 cuncta
1585 1010 1636 1039 ac
1668 1011 1770 1053 per-

167 1074 302 1117 ficiat.
359 1072 453 1118 Sed
486 1073 695 1129 quoniam
730 1073 928 1116 universi
962 1074 1154 1116 numinis
1188 1078 1390 1131 potestas
1421 1073 1539 1116 inter
1567 1074 1768 1133 singulos

169 1152 281 1195 deos
314 1152 457 1195 divisa
490 1159 581 1206 est,
621 1151 690 1194 his
725 1152 858 1194 etiam
891 1151 1009 1195 idem
1042 1151 1265 1195 tribuatur
1296 1168 1483 1197 necesse
1518 1159 1608 1208 est,
1648 1153 1771 1210 quod

167 1232 346 1288 δαίμονι
383 1230 519 1274 tribui
561 1229 774 1283 vidimus3
829 1246 975 1287 neque
1021 1236 1170 1273 tamen
1209 1230 1293 1286 ita,
1336 1237 1387 1274 ut
1428 1247 1580 1275 eorum
1614 1232 1771 1289 aliquis

169 1326 346 1354 omnem
379 1311 590 1367 δαίμονος
621 1310 709 1353 vim
743 1309 966 1365 cohibeat,
999 1309 1081 1352 scd
1114 1316 1284 1353 tantum
1309 1311 1436 1368 quasi
1459 1311 1651 1368 aliquam
1675 1311 1770 1354 eius

168 1397 343 1448 partem
376 1396 516 1449 gerat.
584 1389 718 1434 Unde
754 1390 977 1446 sequitur,
1019 1396 1069 1432 ut
1101 1390 1379 1448 singulorum
1414 1390 1599 1434 deorum
1633 1391 1771 1434 actio-

169 1469 300 1513 nibus
323 1463 535 1525 δαίμόνος
569 1469 633 1511 vis
657 1484 709 1511 ac
743 1474 902 1511 natura
934 1468 1169 1511 manifesta
1203 1469 1329 1525 quasi
1361 1469 1454 1524 fiat,
1479 1475 1537 1524 et,
1570 1469 1692 1526 quod
1714 1468 1771 1512 ad

170 1564 324 1591 eorum
366 1549 559 1605 aliquem
601 1548 841 1602 referatur,
893 1547 939 1590 id
981 1548 1150 1603 optimo
1191 1548 1285 1590 iure
1329 1547 1385 1590 ad
1417 1549 1606 1604 δαίμονα
1639 1549 1768 1591 etiam

169 1627 325 1669 referri
357 1626 515 1684 possit.
580 1625 739 1682 Itaque
773 1624 977 1683 Lycaon,
1009 1624 1176 1667 Priami
1208 1625 1340 1681 filius,
1374 1641 1509 1682 quum
1542 1627 1587 1669 in
1618 1626 1770 1669 Achil-

168 1706 222 1749 lis
255 1711 527 1763 potestatem
561 1705 774 1759 venisset,
807 1710 1047 1761 postquam
1080 1705 1286 1747 miseram
1318 1704 1432 1748 hanc
1457 1721 1581 1748 suam
1605 1712 1770 1749 sortem

168 1784 361 1842 primum
403 1800 429 1827 a
459 1783 606 1826 Parca
643 1783 827 1838 infesta,
868 1782 1031 1825 deinde
1074 1799 1099 1825 a
1130 1782 1238 1825 Iove
1279 1784 1480 1840 repetiit,
1523 1790 1768 1841 postremo,

169 1863 359 1907 Parcam
394 1869 439 1906 et
470 1863 626 1906 Iovem
659 1863 787 1919 quasi
820 1862 1116 1921 coniungens,
1149 1863 1338 1918 δαίμονα
1361 1877 1538 1906 causam
1572 1863 1633 1906 ait
1655 1877 1769 1918 esse,

171 1943 299 1985 cuius
330 1943 428 2000 fugi
460 1957 595 1999 posse
630 1941 989 1999 designationem
1024 1941 1356 1998 desperandum
1390 1942 1458 1984 sit.
1479 1941 1515 1998 ⁶)
1547 1966 1557 1976 ·
1577 1941 1769 1985 Ratione

169 2022 408 2076 contraria,
442 2036 579 2078 quum
612 2020 814 2076 Teucer,
848 2034 978 2063 arcus
1012 2035 1173 2075 nervo,
1208 2020 1283 2077 qui
1315 2019 1505 2063 Hectori
1537 2020 1675 2064 telum
1706 2021 1770 2064 le-

168 2100 347 2143 tiferum
382 2100 596 2142 allaturus
631 2106 746 2153 erat,
789 2099 937 2141 subito
970 2104 1126 2155 rupto,
1159 2099 1331 2140 incerto
1366 2098 1559 2154 quodam
1593 2099 1768 2142 divinae

170 2179 399 2236 potentiae
451 2193 588 2222 sensu
637 2177 873 2235 perculsus
922 2183 1196 2234 conquestus
1246 2183 1388 2233 esset,
1442 2177 1564 2235 quod
1602 2179 1770 2235 δαίμων

168 2271 250 2300 sua
283 2257 471 2300 consilia
502 2256 791 2314 perturbaret
823 2262 956 2312 atque
991 2256 1113 2297 irrita
1144 2257 1336 2310 faceret,
1370 2256 1500 2311 Aiax,
1533 2256 1590 2299 ad
1621 2257 1770 2299 fratris

170 2336 306 2379 verba
344 2330 592 2393 respiciens
635 2336 820 2391 eiusque
865 2335 1055 2390 δαίμονα
1095 2334 1349 2377 accuratius
1389 2335 1516 2391 quasi
1550 2334 1768 2378 definiens

270 2600 304 2645 1)
349 2597 420 2635 Od.
437 2598 543 2644 XVI,
561 2599 620 2634 64.
648 2597 777 2645 Ulyssi
804 2606 952 2634 errores
979 2592 1187 2642 ,,ἑπέκλωσε
1213 2594 1390 2645 δαίμων.“

268 2660 304 2705 2)
346 2658 447 2696 lbid.
465 2660 536 2706 111,
554 2661 643 2706 20⁸3
672 2658 757 2704 VII,
782 2659 860 2693 197.
879 2657 946 2703 IV,
966 2658 1047 2694 207.

265 2722 303 2767 3)
345 2720 390 2758 11.
419 2720 524 2768 Vm,
553 2723 635 2757 166.
1183 2754 1186 2758 .

265 2783 302 2827 4)
347 2781 434 2818 Non
460 2781 611 2818 abludit
635 2784 828 2817 nostrum:
868 2778 961 2825 „Ich
993 2779 1069 2815 will
1106 2779 1164 2815 dir
1197 2779 1270 2815 den
1304 2779 1548 2827 Todcsengel
1585 2779 1767 2816 sendcn.“

167 2841 285 2889 Apud
310 2841 542 2889 Aeschylum
568 2839 766 2882 θάνατος
792 2839 927 2877 diciter
953 2836 1107 2888 δαίμων.
1135 2837 1269 2887 fragm.
1294 2841 1373 2887 168,
1400 2843 1434 2887 4,
1461 2841 1662 2878 Hermann.

268 2906 303 2949 5)
348 2903 390 2940 11.
417 2903 522 2950 XXI,
551 2906 595 2938 83
623 2907 662 2940 et
689 2905 747 2938 93.
