1927 3218
900 109 966 158 28

130 248 262 291 etiam
302 249 470 306 aliquid
516 250 713 294 habebat
758 252 1103 307 consolationis,
1152 251 1274 308 quod
1320 251 1510 307 δαίμονα
1557 251 1730 295 sciebat

129 332 300 371 certum
324 327 407 372 sibi
431 329 696 373 exstiturum
721 344 820 373 esse
844 330 1100 374 iniuriarum
1128 335 1414 387 acceptarum
1443 329 1730 392 vindicem,¹)

251 406 437 451 Nullum
478 408 617 466 igit-nr
655 409 822 452 crimen
864 409 936 451 ille
979 425 1068 451 non
1109 409 1274 463 cernit,
1306 408 1471 451 nullius
1505 409 1729 453 oblivisci-

126 489 214 538 tur,
246 484 411 542 nullius
433 486 649 529 ultionem
671 487 998 544 praetermittit.
1052 487 1303 544 Propterea
1330 487 1500 542 δαίμανν
1536 485 1730 546 ἀλάστωρ

129 563 490 622 cognominatur,
522 564 608 608 hoc
633 571 722 608 est:
758 580 922 608 numen
941 564 1156 622 divinum,
1188 565 1445 609 iniuriarum
1469 567 1727 611 memoriam

128 656 314 685 servans
333 659 592 701 earumque,
627 645 799 687 etiamsi
834 660 978 688 seram
1008 661 1346 702 nonnunquam,
1378 652 1529 689 tamen
1562 653 1728 690 certam

129 734 307 778 semper
346 738 540 779 poenam
581 721 851 781 repetens.²)
916 722 1057 767 Cuius
1098 724 1142 767 in
1176 724 1447 768 ulciscendis
1480 724 1725 768 sceleribus

227 917 261 962 1)
305 916 474 964 Oedipus
499 919 674 965 Polynici
700 918 757 955 his
783 918 911 956 verbis
936 919 1121 955 minatur:

418 977 575 1026 „Tocyoip
601 980 639 1014 σ’
667 978 686 1014 ὅ
714 978 858 1028 δαίμων
882 977 1008 1028 εἰσορᾷ
1031 977 1103 1028 μὲν
1127 976 1173 1015 οὗ
1198 978 1232 1014 τί
1257 992 1314 1015 πω

420 1038 469 1081 ὥς
494 1037 657 1076 αὕτίκα.“
708 1040 801 1078 Oed.
821 1040 862 1077 C.
885 1041 1000 1089 13703
1028 1039 1075 1078 cf.
1095 1043 1176 1076 788.

225 1101 260 1146 2)
303 1101 443 1138 Variae
476 1105 564 1138 sunt
598 1102 646 1139 de
679 1102 786 1139 vocis
825 1099 988 1150 ἀλάστωρ
1028 1101 1175 1150 origine
1214 1105 1252 1139 et
1290 1102 1411 1149 prima
1450 1103 1727 1151 significatione

128 1162 350 1200 sententiae.
402 1161 573 1200 Tafelius
598 1163 635 1200 in
662 1162 793 1210 Steph.
813 1163 927 1200 Thes.
947 1175 975 1200 s.
995 1175 1031 1199 v.
1052 1174 1135 1200 cum
1153 1161 1218 1208 ἄλη
1237 1168 1276 1201 et
1293 1161 1469 1200 α’λέεσθαι
1486 1165 1566 1202 sive
1583 1162 1723 1202 ἆλεύειν

128 1227 168 1258 et
184 1220 347 1259 ἐλαύνειν
361 1229 565 1271 cognatam
591 1234 725 1260 vocem
752 1234 835 1260 esse
862 1234 1038 1270 censens,
1073 1222 1230 1272 δαίμονα
1270 1230 1476 1271 propterea
1518 1226 1573 1262 ita
1604 1227 1723 1263 nomi-

127 1284 209 1320 nari
256 1284 359 1332 dicit,
414 1285 503 1333 quia
537 1288 790 1332 persequatur
843 1284 1013 1321 homines
1063 1285 1247 1322 scelestos
1295 1296 1440 1333 eosque
1488 1287 1725 1325 errabundos

127 1348 219 1392 agat
245 1348 284 1382 et
309 1356 425 1393 saepe
450 1346 488 1382 in
514 1347 649 1383 mentis
674 1345 857 1383 insaniam
893 1346 1083 1383 coniiciat.
1142 1346 1379 1383 Hermannus
1412 1347 1461 1384 ad
1497 1347 1614 1394 Soph.
1634 1347 1727 1385 Oed.

127 1405 167 1442 C.
190 1407 283 1443 1483
310 1417 332 1443 a
356 1405 530 1450 λάξεσθαι
556 1400 740 1455 originem
767 1407 909 1444 ducens
934 1418 1023 1444 non
1048 1407 1310 1444 tollerandi
1335 1408 1530 1445 notionem
1556 1418 1641 1445 esse
1658 1419 1726 1456 pu-

127 1470 186 1504 tat
216 1468 448 1515 primariam,
481 1472 613 1515 spreta
646 1479 692 1505 ea
724 1468 1059 1515 interpretatione,
1094 1479 1192 1516 quae
1218 1467 1381 1513 πλήθειν
1406 1469 1600 1516 repetitur.
1652 1469 1727 1507 Ve-

127 1531 335 1566 rumtamen
361 1529 459 1566 hanc
484 1530 606 1566 solam
631 1540 760 1566 veram
786 1539 870 1566 esse
897 1529 1047 1576 iudico,
1081 1530 1170 1576 quia
1202 1533 1241 1566 et
1266 1528 1410 1567 formae
1443 1530 1552 1566 vocis
1584 1529 1727 1577 optime

127 1589 308 1626 convenit
334 1593 373 1626 et
398 1590 542 1626 aditum
568 1589 680 1627 nobis
704 1593 817 1637 parat
844 1589 893 1626 ad
921 1600 1003 1626 eam
1037 1590 1269 1627 Graecorum
1301 1590 1594 1637 cogitationem,
1629 1600 1727 1637 quae

128 1653 168 1688 et
191 1651 325 1700 genuit
350 1651 448 1689 hanc
473 1662 609 1689 vocem
635 1662 757 1700 eaque
783 1662 911 1689 rursus
937 1651 974 1689 in
1002 1652 1134 1690 animis
1159 1651 1403 1701 gignebatur.
1466 1652 1571 1689 Haec
1602 1654 1727 1689 autem

127 1713 313 1760 cogitatio
340 1713 378 1749 in
404 1723 451 1750 eo
479 1714 553 1750 sita
580 1717 681 1761 erat,
708 1713 813 1761 quod
839 1714 980 1767 nullum
1005 1725 1145 1761 unqum
1172 1714 1311 1751 crimen
1337 1713 1558 1751 abolescere
1590 1713 1725 1750 sentie-

128 1773 221 1811 bant
247 1774 462 1821 oblivione,
497 1775 567 1812 sed
592 1775 630 1813 in
657 1778 782 1813 mente
807 1775 968 1813 numinis
1001 1775 1119 1812 divini
1152 1786 1275 1813 acrem
1310 1775 1390 1812 eius
1423 1775 1554 1812 vivere
1585 1786 1724 1812 memo-

126 1836 239 1882 riam,
266 1847 398 1883 quae,
413 1837 590 1884 quamvis·
612 1837 800 1884 supplicia
827 1838 1009 1884 differret,
1036 1840 1142 1874 corto
1168 1840 1294 1874 tamen
1312 1847 1358 1873 ea
1375 1840 1601 1874 exsecutura
1613 1839 1726 1873 esset.

127 1897 256 1934 Manet
281 1897 381 1934 enim
407 1909 475 1934 sua
502 1909 691 1945 quamque
718 1899 868 1945 culpam
895 1898 1083 1944 vindicta,
1110 1898 1256 1935 etiamsi
1283 1897 1349 1935 diu
1375 1908 1491 1944 saepe
1516 1897 1727 1935 intermitti-

125 1962 207 2006 tur3
234 1959 317 2006 vel,
344 1963 387 1995 ut
413 1971 497 1996 cum
523 1959 717 2007 Aeschylo
744 1960 899 2007 loquar,
925 1959 1077 2008 „pipant
1094 1981 1134 1985 —
1152 1962 1286 1994 παθεῖν
1302 1956 1364 1994 τὸν
1381 1957 1574 2006 ἔρξαντα,·“
1592 1958 1726 2007 Agam.

128 2019 242 2067 15303
269 2030 381 2066 quam
407 2021 631 2056 sententiam
656 2021 826 2068 graviter
851 2031 896 2057 ac
922 2020 1077 2067 pulchre
1104 2019 1292 2067 expressit
1324 2020 1437 2056 etiam
1473 2020 1615 2067 Solon,
1649 2021 1727 2068 Hy-

124 2081 232 2128 poth.
251 2083 308 2116 25.
336 2079 382 2118 cf.
402 2081 575 2129 Theogn.
595 2084 686 2130 2033
715 2081 851 2119 Aesch.
872 2081 1004 2128 Suppl.
1025 2085 1116 2128 4173
1145 2083 1225 2116 703.
1282 2082 1332 2117 Et
1364 2081 1462 2119 hanc
1488 2081 1539 2119 ob
1568 2092 1722 2118 causam

123 2142 278 2189 Furiae,
305 2153 404 2190 quae
430 2153 522 2189 prae
555 2143 691 2179 ceteris
729 2142 935 2180 ulciscendi
967 2153 1099 2179 munus
1133 2141 1293 2188 habent,
1324 2140 1557 2190 μνήμονες
1590 2143 1725 2189 appel-

124 2204 263 2241 lantur.
316 2203 452 2242 Aesch.
471 2205 598 2242 Prom.
620 2206 710 2252 5183
739 2204 856 2252 Soph.
875 2203 937 2241 Ai.
958 2204 1063 2241 1390.
1114 2204 1250 2251 Itaque
1276 2200 1460 2252 ἀλάστωρ,
1488 2203 1519 2241 si
1544 2202 1593 2241 ab
1612 2217 1636 2239 α
1651 2204 1726 2251 pri-

126 2266 258 2301 vativo
287 2268 326 2301 et
350 2263 478 2309 λῆθειν
511 2266 679 2312 ducitur,
719 2266 874 2312 proprie
913 2266 1010 2302 hanc
1050 2266 1102 2302 de.
1136 2265 1305 2302 vindicta
1344 2265 1472 2301 divina
1510 2265 1728 2311 opinionem

126 2326 312 2373 exprimit,
340 2330 378 2363 et
405 2325 580 2375 δαίμων
606 2325 806 2375 ἀλάστωρ
834 2330 893 2363 est
918 2337 1053 2363 numen
1066 2326 1253 2372 divinum,
1281 2325 1385 2373 quod
1411 2325 1548 2363 nullius
1566 2325 1727 2363 criminis

126 2387 383 2435 obliviscitur3
411 2399 509 2435 quae
536 2378 644 2425 notio
670 2388 846 2435 supplicii
871 2386 988 2424 futuri
1013 2387 1226 2434 notionem,
1253 2390 1295 2423 ut
1321 2397 1437 2423 causa
1454 2386 1641 2433 effectum,
1659 2397 1728 2433 per

125 2459 166 2486 se
192 2448 279 2496 ipsa
305 2449 486 2485 continet.
540 2449 667 2496 Atque
694 2449 790 2486 hanc
816 2448 977 2485 nominis
1004 2448 1078 2484 vim
1113 2451 1152 2484 et
1178 2448 1361 2495 originem
1394 2447 1468 2484 iam
1499 2446 1725 2484 Plutarchus

125 2514 256 2557 aperte
283 2510 461 2557 agnovit,
489 2511 569 2557 qui,
596 2508 912 2558 ,,ἆλάστορας,“
944 2509 1085 2557 inquit,
1119 2508 1204 2553 »καὶ
1235 2507 1480 2557 παλαμναίους
1511 2505 1725 2556 ὀνομάζουσι

126 2570 315 2620 (δαίμονάς
349 2574 457 2617 τινας)
496 2570 544 2612 ὥς
578 2570 784 2616 ἀλήστων
808 2573 916 2606 τινῶν
952 2570 1013 2606 καὶ
1048 2570 1248 2606 παλαιῶν
1280 2568 1497 2618 μιασμάτων
1529 2567 1726 2618 μνήμαις

125 2631 369 2675 έπεξιόντας;“
395 2634 452 2669 De
480 2644 581 2669 orac.
603 2631 678 2669 def.
697 2644 728 2669 e.
751 2635 815 2679 153
843 2635 882 2668 et
906 2632 1006 2668 idem
1034 2632 1081 2668 de
1108 2631 1241 2668 eadem
1273 2642 1389 2677 voce,
1422 2641 1536 2667 sensu
1568 2631 1724 2677 passivo

126 2693 173 2730 de
200 2693 416 2730 hominibus
443 2693 616 2731 adhibito
644 2691 924 2738 ,,α’λάστωρ,“
950 2693 1089 2739 inquit,
1116 2689 1302 2736 »κέκληται
1327 2690 1346 2726 ὅ
1373 2689 1540 2736 ἄληστα
1568 2690 1630 2727 καὶ
1659 2704 1725 2727 πο-

123 2752 188 2791 λύν
211 2752 348 2802 χρόνον
371 2753 842 2803 μνημονευθησόμενα
867 2752 1086 2800 δεδρωεώς.“
1129 2753 1283 2797 Quaest.
1304 2752 1438 2791 Graec.
1460 2754 1516 2788 25.
1576 2752 1653 2790 Sed
1670 2752 1724 2788 vi-

123 2816 253 2863 guisse
281 2826 364 2853 eam
388 2816 427 2853 in
455 2819 623 2853 veterum
651 2817 764 2853 etiam
791 2815 940 2861 animis,
967 2825 1011 2853 ex
1041 2814 1214 2852 omnibus
1240 2812 1319 2852 fere
1345 2814 1457 2861 locis,
1484 2813 1622 2862 quibus
1647 2811 1725 2848 δαί-

119 2891 202 2927 μων
227 2874 389 2928 ἀλάστωρ
416 2878 540 2916 dictus
566 2881 641 2925 est,
669 2877 852 2927 suspicari
887 2888 1099 2927 possumus.
1160 2876 1316 2926 Semper
1348 2876 1445 2915 enim
1477 2879 1544 2916 aut
1574 2873 1717 2915 veteris
