1927 3218
128 239 228 321 ⁴eius
260 263 443 316 notione
473 271 654 314 semper
684 256 923 300 coniuncta
954 259 1026 296 est
1046 268 1279 301 munerum
1302 252 1551 297 divinorum
1573 251 1721 313 distri-

131 344 272 398 butio,
304 315 392 398 qua
422 317 647 382 hominum
682 339 825 379 sortes
855 332 1155 387 continentur,
1193 331 1454 391 generatim?
1474 330 1604 375 etiam
1620 331 1721 383 *vim

132 422 307 469 fatalem
340 419 386 463 in
402 416 611 461 *numinis
643 413 782 458 divini
801 412 1032 456 voluntate
1053 412 1262 469 positam,
1293 417 1341 454 et
1369 425 1451 468 per
1472 409 1724 454 translatio-—

133 495 233 545 nem
254 499 400 556 ipsum
421 496 560 541 fatum
578 492 829 552 significare
850 491 1060 549 potest¹)‚
1091 489 1333 535 dummodo
1354 495 1527 545 teneas,
1547 503 1725 546 semper

135 577 276 636 magis
308 575 471 633 respici
503 566 592 617 vim
626 571 894 617 efficientem
928 584 1068 627 quam·
1082 569 1205 627 quod
1235 569 1292 613 ab
1326 584 1380 612 ea
1411 568 1618 612 effectum
1650 568 1723 611 sit.

136 656 207 701 Ita
236 660 303 710 ut,
334 655 371 698 si
396 653 504 711 ‚quis
537 651 592 696 de
626 650 845 695 daemone
879 664 960 693 suo
983 654 1300 706 conqueratur,
1332 663 1424 691 non
1453 648 1634 705 proprie
1668 646 1724 691 de

137 729 256 778 sorte
298 749 400 788 sua,
440 726 522 774 sed
560 730 713 789 potius
751 728 807 773 de
853 728 1046 773 numinis
1086 727 1224 771 divini
1263 743 1316 771 ea
1352 727 1419 782 vi,
1458 741 1571 784 quae
1606 726 1725 769 hanc

135 820 300 857 sortem
333 811 514 866 efficiat,
546 808 761 866 conqueri
792 808 1009 853 videatur.
1048 808 1201 864 Atque
1232 808 1296 851 inj
1310 806 1394 850 hac
1416 807 1597 850 notione
1628 805 1726 849 fieri

134 896 297 952 potest,
328 884 388 934 ut'
408 889 626 943 homines,
659 888 867 945 quoniam
902 902 956 932 ex
988 887 1137 944 aliqua
1167 892 1293 945 parte
1322 886 1369 950 ‘in
1393 885 1727 930 eorumvolun-

133 978 224 1014 tate
258 971 312 1013 ab
345 983 486 1024 eaque
519 967 732 1024 profectis
765 966 1014 1011 actionibus
1048 967 1179 1010 situm
1213 973 1303 1020 est,
1341 972 1393 1008 ut
1428 966 1622 1008 numinis
1660 964 1727 1008 di-

134 1050 225 1093 vini
264 1052 488 1105 potestate
527 1046 719 1092 fatorum
767 1045 1058 1089 constituenti
1104 1050 1181 1088 aut
1231 1044 1372 1088 amica
1415 1050 1494 1087 aut
1539 1043 1728 1087 adversa

134 1132 329 1180 utantur,
360 1125 445 1182 ipsi
478 1139 605 1167 suum
634 1123 723 1186 'sibi
743 1124 931 1179 δαίμονα
954 1123 1119 1181 eligere
1142 1123 1336 1180 possint2
1353 1122 1726 1179 quemadmodum

136 1204 257 1262 apud
297 1202 567 1260 Sophoclem
611 1203 773 1246 chorus
813 1203 1111 1246 Philoctetam
1157 1218 1240 1259 pro
1280 1194 1461 1245 meliore
1509 1201 1725 1245 daemone

138 1282 408 1328 deteriorem
442 1267 632 1340 elegisse
666 1280 826 1340 dicit5).

138 1493 296 1528 quorum
322 1491 454 1518 sensus
479 1481 540 1518 hic
565 1485 641 1518 ost:
668 1491 803 1518 numen
829 1480 1018 1527 divinum,
1045 1481 1157 1527 quale
1182 1491 1336 1528 quoque
1360 1484 1536 1527 tompore
1566 1473 1608 1518 se
1640 1479 1728 1518 mihi

137 1538 315 1588 praestat
333 1545 373 1577 et
397 1544 538 1577 sortem
563 1551 684 1577 meam
709 1540 924 1589 constituit,
950 1541 1074 1577 animo
1101 1551 1172 1587 pro
1197 1540 1341 1577 viribus
1365 1541 1487 1576 colam
1505 1541 1556 1576 ad
1573 1541 1728 1588 eiusque

140 1602 378 1639 voluntatem
402 1605 526 1639 totum
551 1613 610 1639 me
635 1601 856 1649 applicabo,
882 1602 937 1638 ita
961 1605 1022 1648 ut,
1048 1612 1162 1649 quum
1187 1612 1308 1648 parva
1340 1601 1429 1638 data
1460 1600 1614 1638 fortuna
1643 1612 1728 1649 par—

139 1673 226 1698 vum
251 1673 310 1698 me
336 1673 420 1698 esse
447 1663 631 1708 voluerit,
657 1673 814 1708 parvum
840 1672 899 1698 me
924 1669 1074 1707 ἔοι-ειη.
1098 1672 1211 1708 quum
1236 1664 1362 1698 autem
1377 1662 1524 1708 magnis
1539 1672 1599 1698 me
1616 1661 1729 1698 rebus

140 1723 383 1759 exornaverit
407 1722 573 1770 ideoque
598 1733 657 1759 me
689 1721 855 1758 voluerit
884 1732 1061 1769 magnum
1093 1732 1195 1769 esse,
1232 1717 1409 1769 magnum
1446 1732 1505 1759 me
1541 1724 1729 1769 praestem

138 1784 307 1820 consiliis
332 1786 373 1820 et
397 1781 648 1829 facinoribus,
675 1793 823 1829 semper
848 1786 973 1819 autem
1000 1785 1104 1818 sorte
1129 1782 1178 1819 ab
1212 1793 1259 1819 eo
1290 1783 1499 1819 constituta
1529 1785 1730 1819 contentus

135 1843 217 1880 sim.
270 1844 353 1888 Qua
378 1843 567 1881 sententia
592 1843 642 1879 ad
668 1842 881 1880 universam
907 1842 1080 1880 carminis
1105 1843 1341 1890 voluntatem
1366 1843 1457 1880 nihil
1487 1846 1617 1890 potest
1646 1852 1731 1880 osse

142 1904 456 1942 convenientius.·
488 1904 557 1942 -Ne
590 1908 721 1941 autem*
749 1902 906 1953 δαίμονα
934 1904 1133 1942 credamus
1164 1904 1315 1952 genium
1348 1915 1449 1952 esse,
1483 1905 1548 1952 qui
1573 1904 1731 1952 singulis

138 1964 351 2002 hominibus
378 1965 454 2001 dux
481 1975 526 2001 ac
551 1975 678 2001 eomes
705 1964 860 2002 additus
884 1965 951 2011 sit,
978 1964 1016 2000 in
1041 1964 1147 2001 cuius
1172 1965 1297 2001 locum
1322 1976 1391 2012 per
1415 1965 1520 2002 vices
1537 1965 1632 2001 alius
1649 1975 1731 2001 suc-

142 2025 273 2073 cedat,
301 2025 431 2064 obstat
456 2025 611 2063 Pindari
636 2037 745 2072 usus,
773 2025 838 2074 qui
862 2025 1014 2073 genium
1040 2025 1192 2074 quidem
1216 2025 1405 2064 hominum
1442 2026 1576 2064 ducem
1613 2037 1732 2074 agno-

140 2087 230 2132 scit,
273 2097 396 2134 neque
427 2090 553 2123 tamen
579 2087 707 2133 plures
733 2087 802 2123 scd
827 2097 940 2123 unum
965 2090 1112 2123 tantum
1136 2096 1221 2125 csse
1262 2088 1356 2124 vult.
1376 2086 1425 2124 of.
1443 2088 1556 2134 Pyth.
1575 2088 1622 2134 V,
1643 2088 1732 2134 1223

140 2145 196 2184 01.
213 2146 319 2195 ΧΠΙ,
345 2148 389 2184 28
418 2151 458 2185 et
485 2149 566 2185 105.
617 2147 748 2195 Atque
772 2146 868 2185 haec
897 2147 1061 2185 omnium
1091 2150 1152 2185 est
1182 2148 1390 2195 sententia,
1423 2148 1488 2196 qui
1518 2147 1733 2186 hominibus

141 2207 345 2244 daemones
370 2208 529 2244 comites
555 2208 714 2244 addunt.
733 2207 781 2245 cf.
798 2209 924 2251 Proel.
941 2210 980 2245 in
1005 2204 1109 2246 Plan
1123 2209 1249 2246 Alcib.
1268 2210 1377 2256 prim.
1395 2222 1434 2256 p.
1455 2212 1501 2244 76
1528 2209 1589 2245 ed.
1616 2209 1731 2246 Oreu-
1754 2252 1756 2254 v

143 2278 219 2304 zer.
269 2267 417 2305 Eodem
440 2278 573 2316 sensu,
592 2279 669 2316 quo
696 2268 801 2316 apud
824 2268 1030 2306 Pindarum
1047 2269 1078 2306 .1.
1097 2269 1123 2306 1.
1141 2269 1365 2309 daemonem
1381 2269 1457 2308 dici
1473 2269 1649 2317 vidimus,
1667 2269 1733 2306 ad-

143 2328 285 2365 hibitus
310 2332 369 2365 est
394 2330 498 2376 apud
515 2329 655 2366 Aesch.
672 2330 777 2367 Pers.
795 2332 881 2377 804.
901 2334 982 2367 827.
1002 2330 1122 2377 Soph.
1140 2331 1197 2369 Ei.
1216 2333 1300 2368 916.
1322 2334 1428 2368 1305.

241 2390 274 2436 1)
317 2387 437 2434 »Κατὰ
462 2388 619 2439 δαίμονα
642 2389 704 2426 καὶ
735 2383 848 2438 τύχαν
877 2388 920 2426 τὰ
950 2389 1066 2427 πάντα
1088 2394 1267 2439 ρρσωῖσιν
1297 2388 1519 2429 Μ’(

141 2449 334 2496 Diagoras
353 2451 456 2497 apud
481 2451 624 2499 Bergk.
650 2452 675 2488 1.
702 2452 728 2488 1.
763 2451 899 2499 fragm.
919 2453 952 2489 2.
970 2450 1031 2489 cf.
1056 2451 1176 2499 Soph.
1200 2451 1296 2489 Oed.
1321 2452 1485 2491 Τ.1193.
1505 2452 1648 2490 Oed.c.
1676 2455 1734 2488 76.

148 2509 405 2556 1337.Aeseh.
422 2512 529 2549 Pers.
548 2513 632 2548 919.
659 2513 743 2550 Huc
768 2511 899 2549 referri
923 2513 1038 2550 etiam
1062 2516 1194 2559 potest
1215 2511 1383 2562 »δαίμων
1406 2510 1548 2560 ἀγαθός
1564 2512 1626 2549 καὶ
1648 2511 1735 2559 τύχη

141 2566 301 2614 ἆγαθή.“
324 2571 440 2608 Paus.
460 2571 526 2618 IX,
546 2574 604 2619 89,
623 2575 658 2609 b.
708 2574 767 2610 De
794 2572 966 2622 δαίμονος
989 2570 1136 2620 ἀγαθοῦ·
1160 2572 1436 2621 significatione
1454 2574 1638 2611 uberrime
1656 2573 1736 2620 egit

142 2627 358 2672 Gorhardus
381 2631 430 2668 -in
468 2632 758 2670 dissertatione:
807 2634 890 2680 „De
923 2633 1269 2681 Agathodaemonc
1302 2637 1343 2671 et
1375 2634 1485 2671 Bona
1520 2634 1631 2671 dea.“
1691 2633 1735 2670 In

141 2688 302 2727 Dissert.
320 2690 447 2729 Aoad.
465 2693 560 2741 Reg.
580 2694 705 2731 Berol.
727 2695 830 2730 1847.

239 2752 276 2797 2)
319 2750 438 2799 Soph.
457 2753 620 2792 Philoct.
643 2755 748 2791 1099.
798 2750 952 2805 Locum¹
966 2755 1066 2793 hunc
1091 2753 1281 2793 difficilem
1307 2766 1355 2792 ne
1372 2756 1572 2793 Hei-manni
1584 2755 1735 2802 quidem

142 2809 295 2857 ingenio
321 2812 434 2859 plane
460 2815 679 2861 expeditum
699 2815 790 2852 esse
816 2814 992 2852 arbitror.
1044 2815 1279 2854 Sententiam
1301 2816 1401 2853 enim
1425 2821 1465 2852 et
1496 2827 1541 2852 ex
1568 2816 1733 2852 universi

142 2870 216 2929 loci
241 2873 526 2919 comparatione
553 2879 593 2912 et
617 2886 639 2912 e
671 2875 909 2913 Scholiastae
934 2876 1246 2923 interpretatione
1268 2876 1368 2914 hanc
1390 2886 1476 2914 esse
1492 2876 1732 2923 intelligitur:

1439 2943 1519 2987 ,3,
