1927 3218
378 254 419 297 3.
540 269 578 297 a.
632 260 767 297 mente
796 267 848 296 ac
879 252 1046 296 ratione
1075 251 1289 307 humana,
1314 266 1428 309 quae
1451 251 1559 296 boni
1579 249 1726 295 ideam

638 333 834 384 intuens,
867 347 964 374 eam
996 332 1040 374 in
1063 331 1155 374 vita
1175 330 1368 378 humana
1387 331 1547 374 imitari
1577 330 1729 374 studet

640 408 707 469 (τό
738 410 917 469 α’ῠτιον);

380 492 420 533 4.
542 490 585 532 b.
640 491 828 533 scientiis
860 497 899 532 et
917 489 1108 543 'ao-tibus,
1132 504 1257 545 ‚quae
1291 489 1524 532 veritatem
1559 496 1604 532 et
1635 505 1728 532 mo-

640 568 745 612 dum
780 575 826 611 et
856 566 1233 626 pulchritudinem
1266 568 1311 611 in
1343 568 1479 612 rebus
1510 559 1728 627 indagan-

639 653 730 700 tes,
774 661 827 689 ea
865 646 922 689 ad
962 646 1097 689 'vitam
1137 639 1372 689 humanam
1405 640 1747 690 informandam'

640 725 855 769 adhibent
896 723 963 783 (τὸ
993 726 1171 783 necas->3

382 807 422 852 5.
544 819 581 848 c.
635 803 923 862 voluptatibus
948 805 1095 862 puris,
1139 819 1276 860 quae,
1314 810 1363 847 ut
1396 820 1421 847 a
1443 797 1650 848 ⁴scientiis
1685 811 1729 847 et

640 883 809 927 artibus
841 883 1212 940 proficiscuntur,
1243 884 1305 926 ita
1337 884 1390 927 ab
1423 884 1476 926 iis
1510 877 1730 926 definiun-

636 969 710 1006 tur
742 959 809 1020 (τὸ
841 959 1056 1020 ἄπειρον).

209 1044 276 1086 13.
311 1042 514 1085 Platonis
547 1041 659 1085 deus
693 1057 783 1084 non
814 1041 917 1084 idea
951 1048 1034 1097 est,
1067 1041 1149 1084 sed
1179 1041 1380 1085 idearum
1413 1048 1552 1100 pater.

206 1124 274 1165 14.
310 1122 440 1164 Plato
474 1121 703 1164 materiam
737 1135 819 1177 per
852 1134 899 1162 se
934 1120 1256 1182 consistentem
1289 1136 1381 1163 non
1415 1121 1635 1178 agnoscit.

208 1202 277 1245 15.
311 1200 493 1244 Falsum
528 1205 597 1243 est
630 1197 863 1242 Ciceronis
897 1196 1007 1256 (Off.
1041 1197 1079 1253 1,
1112 1199 1205 1256 22.)
1239 1198 1294 1241 de
1327 1199 1514 1242 victoria
1546 1198 1731 1243 Salami-

311 1280 386 1322 nia
416 1278 644 1321 iudicium.

206 1361 282 1417 16)
314 1358 454 1416 Apud
486 1357 732 1400 Pindarum
764 1356 896 1414 Pyth.
931 1355 1038 1411 VII,
1072 1356 1112 1399 6.
1148 1371 1248 1399 cum
1281 1356 1405 1400 libris
1446 1356 1730 1401 scribendum

314 1443 404 1481 est:
440 1437 642 1492 »ναίων
673 1433 998 1492 ὀνυμάξομαι.“

205 1518 281 1573 17)
315 1515 569 1573 Aeschylus
601 1515 678 1557 Ius
714 1529 888 1556 errores
918 1515 981 1556 ita
1003 1514 1257 1571 descripsit,
1289 1521 1339 1557 ut
1361 1530 1586 1570 nunquam
1610 1521 1730 1557 retro

317 1600 417 1636 acta
449 1610 531 1650 per
564 1594 781 1636 orientem
816 1594 860 1635 in
894 1593 1155 1650 Aegyptum
1190 1594 1460 1649 perveniret.

207 1673 281 1730 18)
313 1672 366 1714 In
399 1671 591 1715 Hesiodi
632 1671 898 1729 Theogonia
945 1685 1102 1713 versus
1137 1671 1375 1714 743—745
1399 1687 1425 1713 a
1447 1670 1729 1728 Goettlingio
1806 1730 1808 1732 -

313 1752 407 1793 sine
443 1762 578 1793 causa
609 1750 832 1793 habentur
866 1750 1017 1806 spurii.

313 1810 427 1883 Ibid'.
462 1844 618 1872 versus
647 1829 746 1872 731.
781 1835 886 1886 post
913 1843 1090 1871 versum
1119 1828 1218 1873 733.
1251 1827 1616 1886 transponendus
1650 1835 1730 1871 est.
