1927 3218
936 113 986 162 -59

113 268 116 273 ’
159 268 323 306 autem
354 268 508 302 verum
539 261 625 311 est,
657 255 779 312 quod
807 255 996 299 Proclus
1025 256 1072 299 in
1103 255 1421 298 commentario
1454 254 1511 298 ad
1540 254 1767 300 laudatum

169 338 377 387 vPlatonis
407 336 556 379 locum
589 333 739 389 affert,
776 335 822 377 in
860 334 1010 392 prisca
1048 332 1326 377 Graecorum
1357 333 1512 391 lingua
1541 331 1764 389 δαίμονας,

175 434 264 464 non
295 416 534 472 δαίμονας
572 413 717 458 dictos
758 428 857 458 esse
870 412 929 472 ¹),
968 412 1026 456 ad
1064 412 1251 470 primam
1289 427 1530 469 veramque
1573 412 1764 456 nominis

175 497 359 554 stirpem
391 493 651 537 ascendisse
685 492 815 537 nobis
847 491 1063 536 videmur.
1126 491 1221 535 Iam
1262 491 1379 535 enim
1420 497 1609 549 apparet
1638 491 1764 535 radix

175 573 287 632 da')
320 573 485 631 (dare),
519 588 573 616 ex
607 588 694 629 qua
715 588 806 615 non
829 572 970 615 solum
993 569 1164 617 διδόναι
1184 571 1280 626 sed,
1313 587 1449 627 quum
1473 570 1609 614 dandi
1639 571 1764 614 notio

174 652 531 696 distributionem
552 653 777 707 tamquam
800 650 997 707 speciem
1027 650 1143 694 infra
1174 665 1222 693 se
1253 649 1430 705 habeat,
1461 650 1602 694 δαίευν
1632 650 1764 692 etiam

170 731 391 790 *originem
429 730 568 785 ducit,
614 728 859 773 secundum
900 743 1181 772 communem
1219 728 1471 787 linguarum
1507 728 1670 787 legem,
1710 743 1765 772 ex

174 824 263 865 qua
293 808 545 867 generalior
581 807 707 850 verbi
745 808 866 850 notio
906 808 951 850 in
993 807 1267 851 definitiores
1305 822 1358 850 ac
1397 808 1611 850 certiores
1643 807 1764 850 abire

174 893 220 930 et
250 887 378 943 quasi
411 885 548 930 dividi
581 886 708 932 solet.
771 885 929 943 Itaque
962 883 1115 943 δόμων
1145 885 1249 929 inde
1283 902 1309 929 a
1339 886 1481 943 primo
1521 885 1646 929 initio
1687 887 1765 929 da-

172 975 303 1009 torem
336 982 387 1009 ac
420 966 735 1009 distributorem
766 981 913 1009 rerum
935 965 1231 1024 significabat⁷
1264 969 1307 1008 et
1337 965 1451 1008 hanc
1479 964 1765 1023 significatio-

173 1061 274 1087 nem
308 1045 438 1088 etiam
469 1050 579 1100 tum,
611 1060 748 1101 quum
769 1044 961 1088 nominis
991 1045 1135 1088 forma
1163 1045 1285 1088 faeta
1316 1050 1437 1088 esset
1455 1045 1638 1099 δαίμων,
1673 1059 1765 1087 ser-

172 1123 320 1178 vabat,
354 1124 554 1180 quamvis
585 1129 771 1180 propter
802 1122 928 1167 verbi
957 1125 1097 1168 δαίευν
1129 1123 1461 1167 similitudinem
1494 1123 1635 1181 magis
1668 1122 1760 1166 dis-

172 1201 395 1246 tribuendi
427 1202 470 1245 vi
502 1201 672 1245 animos
704 1200 947 1260 pelleret3).

863 1489 865 1491 r
913 1456 1013 1518 III.

290 1595 442 1652 Atque
475 1595 586 1639 haec
620 1595 799 1653 quidem
832 1592 1097 1656 suntqqnae
1132 1596 1187 1640 ad
1222 1597 1528 1654 explicandam
1551 1598 1762 1653 δαίμονος

170 1675 398 1716 notionem
432 1689 486 1716 ex
517 1674 616 1730 ipsa
648 1674 837 1716 nominis
868 1675 1011 1716 forma
1044 1675 1308 1717 efficiuntur.
1373 1676 1568 1733 Insignis
1612 1682 1760 1719 autem

168 1752 243 1795 illa
274 1753 340 1796 vis
374 1768 426 1795 ac
459 1753 678 1811 gravitas,
718 1769 831 1809 quae
864 1754 908 1796 in
943 1769 996 1797 eo
1028 1753 1172 1796 inerat
1210 1761 1255 1797 et
1288 1754 1501 1812 religione
1542 1770 1594 1798 ac
1633 1771 1760 1799 vere-

267 1960 300 2005 1)
343 1959 501 1995 Proolus
527 1958 577 1994 ad
601 1958 698 1994 Plat.
718 1958 860 2005 Gratyl.
878 1971 917 2005 p.
939 1962 982 1992 82
1010 1959 1059 1995 ed
1088 1960 1270 1996 Boisson:
1307 1958 1359 1994 ὅτι
1391 1958 1454 2006 [τὸ]
1488 1958 1529 1995 ἐν
1552 1963 1593 2007 τῇ
1619 1959 1756 2009 α’ρχαίᾳ

166 2018 275 2067 φώνῇ
314 2017 393 2060 τούς
433 2018 618 2067 δαίμονας
665 2017 823 2067 δάμονας
862 2017 1034 2066 λέγεσθαι
1087 2018 1194 2064 δηλοῖ,
1247 2018 1299 2056 ὅτι
1345 2018 1383 2055 τὰ
1433 2034 1457 2055 α
1498 2018 1575 2056 α’ντὶ
1617 2024 1676 2065 τῆς
1718 2035 1756 2057 αι

166 2077 360 2129 ἑχρώντο.“
526 2088 533 2097 “

262 2156 298 2200 2)
341 2155 384 2191 In
421 2155 551 2201 lingua
590 2153 782 2191 Sanscrita
820 2154 918 2191 duae
953 2159 1154 2191 occurrunt
1186 2155 1332 2192 radices
1358 2152 1417 2199 <U
1464 2157 1559 2203 (dci),
1598 2169 1754 2204 quarum

165 2216 285 2252 altera
310 2215 438 2260 dare,
466 2215 585 2251 altera
613 2215 838 2251 desecare
865 2214 1071 2262 significat3
1098 2216 1147 2251 ad
1174 2226 1329 2262 quarum
1355 2217 1519 2263 priorem
1546 2222 1585 2254 et
1615 2217 1754 2254 διδόναι

165 2278 204 2312 et
229 2273 358 2318 δαίειν,
384 2286 461 2311 non
488 2275 665 2312 obstante
691 2275 862 2322 Boppi0‚
889 2274 1127 2313 referendum
1153 2287 1237 2313 esse
1263 2277 1439 2314 arbritor.

258 2336 294 2381 3)
338 2335 423 2372 Vox
457 2333 585 2383 δόμων
617 2336 830 2382 composita
862 2340 921 2372 est
947 2347 968 2372 e
1000 2336 1129 2373 radice
1162 2335 1214 2371 δα
1245 2341 1284 2373 et
1323 2337 1459 2375 suffixo
1496 2352 1609 2387 μων,
1649 2341 1754 2377 cuius

163 2406 254 2433 usus
286 2396 323 2433 in
356 2396 502 2433 Graeca
534 2397 667 2443 lingua
692 2408 769 2433 non
801 2408 910 2433 rarus
936 2400 1011 2443 est,
1051 2397 1100 2434 ad
1123 2396 1400 2446 formandaque
1426 2403 1464 2436 et
1490 2400 1641 2436 nomina
1666 2401 1753 2437 sub-

165 2456 330 2492 stantiva
363 2457 516 2503 agentia
548 2460 586 2493 et
617 2457 807 2493 adiectiva
839 2457 1051 2494 adhibetur.
1125 2457 1179 2494 Cf.
1211 2457 1366 2506 ἡγεμών,
1406 2457 1620 2508 ἐπιστήμων,
1667 2462 1751 2497 alia.

163 2528 304 2565 Nititur
329 2532 454 2565 autem
481 2528 617 2566 suffixo
657 2529 848 2567 Sanscrito
878 2531 978 2583 Ἣ
1007 2532 1135 2577 (man),
1168 2532 1215 2568 de
1238 2538 1317 2578 ‘quo
1352 2531 1400 2569 cf.
1432 2533 1555 2579 Bopp.
1591 2533 1751 2570 Gramm.

164 2600 242 2638 Ser.
275 2606 308 2645 ξ.
340 2605 421 2647 538,
459 2604 516 2636 54.
568 2602 680 2646 Quod
705 2607 829 2640 autem
856 2603 907 2638 δα
932 2605 969 2641 in
997 2603 1070 2639 δαι
1094 2608 1275 2641 mutatum
1303 2606 1368 2651 sit,
1395 2606 1449 2641 ita
1466 2606 1617 2643 videtur
1635 2607 1751 2653 expli-

163 2661 323 2697 candum
348 2672 451 2708 esse,
477 2666 520 2698 ut
544 2663 582 2698 in
608 2677 631 2698 α
657 2664 793 2710 longo,
821 2665 927 2712 quod
952 2669 1093 2712 aequat
1119 2678 1142 2700 α
1167 2669 1206 2701 et
1231 2679 1271 2711 α,
1298 2666 1455 2702 alterum
1473 2680 1496 2700 α
1514 2666 1751 2704 debilitatum

163 2721 212 2759 sit
235 2721 273 2758 in
300 2733 328 2756 ι.
375 2722 520 2760 Eodem
546 2724 661 2761 modo
689 2724 868 2770 explicari
893 2729 1025 2771 potest
1049 2725 1213 2761 θναίσκω
1231 2738 1300 2772 pro
1329 2724 1496 2770 θνάσκως
1523 2726 1569 2763 cf.
1587 2727 1751 2765 Mathiae

163 2783 228 2819 Gr.
244 2781 308 2820 Gr.
328 2784 358 2824 5.
383 2786 436 2816 10.
458 2787 522 2830 113
549 2784 633 2820 coll.
656 2788 721 2832 123
740 2788 778 2821 et
801 2784 915 2830 βαίνω
941 2797 1011 2832 pro
1037 2784 1149 2832 βάνω,
1188 2786 1310 2833 φαίνω
1337 2799 1408 2834 pro
1436 2786 1559 2835 φάνω,
1600 2788 1749 2826 collatis

162 2855 353 2895 radicibus
372 2855 573 2895 Sanscritis
603 2859 659 2901 511
699 2858 775 2904 (9⁰⁴⁶)
808 2861 848 2896 et
888 2861 947 2902 HT
980 2858 1074 2906 (δά).
