1927 3218
969 130 1035 179 32

201 284 316 327 quae
345 270 446 328 ipsa
467 284 549 314 sua
569 276 729 314 natura
760 270 993 314 criminum
1015 270 1198 314 ultrices
1219 276 1339 326 sunt,
1370 269 1605 332 ἀλάστορες
1635 264 1800 319 vocan-

200 354 286 391 tur.
302 348 337 407 ιι)
407 346 559 404 Quum
607 363 716 391 vero
751 363 880 391 suam
922 348 1139 406 cuiusque
1179 349 1383 393 iniuriam
1424 350 1518 393 sive
1567 357 1797 410 acceptam

201 427 294 470 sive
326 427 492 470 illatam
527 433 651 470 certa
682 427 880 471 vindieta
912 434 1198 484 sequeretur,
1238 443 1367 472 suum
1411 429 1601 487 quisque
1640 445 1689 474 se
1721 420 1799 475 h'as

200 505 308 549 bere
357 506 530 550 sciebat
576 504 815 565 ἀλάστορας
866 506 942 563 qui
988 521 1143 550 rursus
1182 513 1259 550 aut
1297 507 1506 552 universa
1544 509 1610 552 vis
1650 509 1800 554 divina

202 592 312 640 erat,
344 591 567 642 quatenus
601 600 726 628 suam
761 585 980 642 cuiusque
1012 586 1217 629 iniuriam
1240 586 1556 643 ulciscebatur,
1588 594 1665 631 aut
1686 589 1799 633 deus

204 664 380 722 aliquis,
413 665 489 721 qui
522 664 718 719 universi
752 664 945 707 numinis
978 664 1064 707 hoc
1097 680 1258 708 munus
1291 663 1618 724 susceperat.¹)

321 743 418 786 Iam
460 758 590 798 vero,
640 743 849 798 quoniam
888 744 933 785 in
974 743 1184 786 universa
1221 744 1447 788 hominum
1488 745 1579 787 vita
1618 745 1798 788 omnino

205 821 313 865 nihil
353 827 444 876 est,
491 820 613 878 quod
653 837 743 864 non
785 817 811 864 a
842 822 1035 864 numinis
1077 821 1214 865 divini
1255 822 1566 881 designatione
1609 829 1654 865 et
1694 822 1806 866 effe-->

201 901 350 944 ctione
383 899 717 958 proficiscatur,
750 895 836 942 hoc
870 905 1018 943 autem
1051 916 1218 943 numen
1258 917 1348 944 una
1379 902 1561 945 notione
1596 892 1801 959 compre-

201 979 390 1023 hensum
429 979 600 1035 δαίμων
640 978 916 1036 appellatur,
963 979 1021 1022 ad
1052 979 1171 1022 hunc
1203 996 1310 1037 prae
1344 981 1506 1024 ceteris
1540 995 1694 1024 omnes
1727 996 1800 1024 ca-

201 1074 278 1101 sus
319 1073 369 1100 ae
410 1064 582 1113 sortes,
618 1057 663 1100 in
705 1057 867 1114 quibus
901 1074 992 1101 non
1025 1059 1136 1101 certi
1169 1059 1355 1103 alicuius
1389 1059 1462 1103 dei
1493 1061 1560 1103 vis
1585 1060 1799 1118 *agnosci-

199 1144 287 1193 tur,
318 1144 545 1194 tamquam
579 1151 833 1194 supremam
867 1152 1046 1180 eausam
1080 1137 1282 1181 homines
1322 1138 1535 1182 referunt.
1601 1139 1797 1182 Maxime

202 1222 350 1259 autem
392 1230 472 1258 eos
510 1221 604 1257 tum
643 1214 690 1257 id
730 1215 894 1270 facere,
944 1231 1079 1271 quum
1112 1215 1248 1258 rebus
1282 1216 1484 1260 adversis
1517 1216 1800 1271 afflictantur,

200 1295 357 1337 mirum
392 1291 535 1336 videri
567 1309 658 1335 non
692 1293 842 1348 debet,
876 1293 1085 1350 quoniam
1119 1308 1172 1336 ea
1205 1300 1274 1337 est
1304 1294 1598 1338 humanorum
1632 1295 1799 1338 animo-

200 1390 297 1416 rum
330 1373 629 1430 perversitas,
667 1379 738 1425 ut,
778 1388 914 1427 quum
953 1387 1171 1429 prospera
1201 1374 1382 1415 fortuna,
1412 1372 1623 1415 florentes
1657 1374 1801 1415 numi-

201 1453 270 1495 nis
303 1452 439 1495 divini
473 1451 567 1493 fere
601 1451 936 1505 obliviscantur,
970 1451 1191 1494 aerumnis
1226 1466 1277 1493 ac
1310 1451 1498 1494 miseriis
1530 1452 1719 1495 maxime
1743 1451 1800 1495 ad

207 1665 285 1711 122,
312 1663 471 1701 notione
497 1673 580 1699 esse
608 1663 759 1699 omnino
788 1662 947 1698 diversa.
1001 1661 1170 1709 Uterque
1197 1662 1350 1709 quidem
1374 1663 1462 1699 mali
1488 1662 1646 1700 alicuius
1664 1665 1798 1699 auctor

202 1730 280 1773 est3
307 1725 376 1762 sed
400 1722 509 1765 κακὸς
534 1722 678 1772 δαίμων
701 1723 876 1760 homines
901 1722 992 1759 nihil
1018 1723 1133 1760 etiam
1159 1724 1314 1760 meritos
1341 1734 1455 1771 quum
1491 1724 1530 1760 in
1563 1723 1657 1761 alias
1689 1734 1799 1771 quas-

201 1787 259 1823 vis
285 1785 522 1823 calamitates
548 1784 719 1830 coniicit,
746 1787 826 1820 tum
852 1783 902 1820 ad
927 1784 1067 1820 iniusta
1089 1782 1260 1821 facinora
1276 1784 1453 1831 impellit,
1479 1781 1643 1833 ἀλάστωρ
1661 1787 1801 1830 autem,

202 1857 301 1894 quae
326 1847 400 1883 iam
425 1846 564 1881 iniuste
589 1843 693 1881 facta
711 1848 816 1891 sunt,
842 1845 1044 1881 ulciscitur.
1096 1845 1304 1892 Utrumque
1322 1845 1371 1881 ab
1389 1845 1525 1882 eodem
1542 1845 1690 1882 numine
1713 1855 1799 1893 pro-

200 1907 397 1954 ficiscitur,
424 1906 530 1955 quod
555 1909 635 1943 tum
661 1910 796 1944 auctor
822 1905 1005 1953 criminis,
1031 1909 1110 1943 tum
1128 1906 1230 1944 ultor
1255 1909 1333 1954 este,
1367 1906 1437 1944 sed
1462 1905 1697 1954 cogitatione
1728 1904 1800 1943 hae

202 1970 300 2004 duae
326 1969 407 2004 eius
433 1971 563 2014 partes
596 1967 880 2013 distinguuntur
913 1971 952 2002 et
984 1966 1162 2002 tribuitur
1194 1967 1314 2002 altera
1345 1965 1491 2014 δαίμονι
1519 1968 1638 2014 κακῷ,
1680 1966 1800 2002 altera

201 2027 347 2077 δαίμονι
372 2025 551 2075 ἀλάστορι.
603 2026 710 2071 Quae
737 2025 950 2063 differentia
978 2025 1144 2063 dilucide
1170 2037 1217 2063 ex
1242 2026 1307 2073 iis,
1334 2037 1432 2074 quae
1458 2026 1528 2064 sub
1556 2026 1708 2064 Zaleuci
1733 2037 1800 2063 no-

200 2089 299 2126 mine
325 2099 346 2125 e
374 2088 546 2125 Stobaeo
573 2088 785 2133 attulimus,
813 2098 1040 2134 quamquam
1057 2087 1111 2123 ibi
1128 2088 1201 2123 iam
1228 2087 1275 2124 de
1293 2088 1434 2134 geniis,
1460 2098 1537 2124 non
1556 2088 1604 2124 de
1621 2088 1799 2124 universo

199 2149 349 2187 numine
383 2149 512 2186 divino
545 2148 690 2197 agitur,
722 2148 882 2195 intelligi
913 2151 1054 2195 potest.
1125 2149 1260 2196 Itaque
1291 2147 1462 2186 homines
1494 2158 1619 2197 neque
1651 2148 1683 2186 si
1713 2147 1803 2186 iusti

199 2222 323 2259 neque
350 2211 381 2248 si
407 2211 535 2248 iniusti
561 2216 687 2257 erant,
715 2221 738 2246 a
763 2209 923 2246 numinis
937 2208 1186 2247 maleficentia
1212 2211 1392 2257 poterant
1416 2210 1490 2247 tuti
1516 2220 1600 2247 esse
1626 2214 1666 2248 et
1691 2208 1801 2247 facile

199 2270 281 2309 fieri
307 2274 480 2319 poterat,
507 2275 551 2308 ut
576 2271 782 2317 nescirent,
815 2281 902 2306 uum
937 2269 986 2307 ab
1023 2270 1104 2307 eius
1140 2270 1284 2307 malitia
1326 2282 1374 2307 an
1418 2270 1563 2308 ultione
1608 2270 1804 2308 calamitas

202 2343 247 2369 ac
272 2332 422 2369 miseria
447 2332 658 2379 repetenda
684 2335 796 2368 esset.
848 2331 981 2378 Neque
1008 2331 1106 2368 enim
1132 2338 1366 2379 compertum
1393 2331 1587 2369 habebant
1612 2330 1803 2376 mortales,

204 2404 281 2440 qua
307 2392 455 2430 ratione
483 2393 555 2430 diis
572 2392 846 2429 immortalibus
865 2395 1024 2438 possent
1041 2393 1203 2440 placere.
1223 2392 1399 2439 Theogn.
1420 2394 1503 2428 381.
1547 2392 1683 2438 Itaque
1701 2390 1805 2437 apud

200 2454 434 2502 Aeschylum
460 2453 574 2491 etiam
600 2454 763 2497 nuntius,
791 2454 856 2501 qui
881 2453 1080 2490 Persarum
1106 2453 1254 2490 &adem
1268 2453 1436 2490 Atossae
1461 2452 1664 2494 nuntiavit,
1697 2451 1805 2499 igno-

200 2514 328 2561 rabat,
355 2526 442 2550 num
468 2526 514 2551 ea
541 2514 730 2552 commissi
756 2513 918 2551 criminis
944 2524 1071 2561 poena
1097 2524 1146 2550 an
1170 2513 1355 2550 immerita
1381 2512 1509 2560 aliqua
1525 2512 1675 2549 miseria
1692 2515 1806 2555 esset,

201 2579 241 2612 et
266 2575 435 2621 idcirco,
461 2586 550 2612 num
578 2575 628 2613 ad
655 2576 865 2612 ultorem
893 2574 1008 2612 deum
1035 2585 1082 2611 an
1107 2573 1312 2621 malignum
1337 2576 1440 2611 esset
1464 2572 1696 2610 revocanda.
1740 2572 1805 2610 Mi·

200 2647 286 2674 sera
312 2647 403 2673 sane
429 2636 620 2673 hominum
647 2636 837 2682 conditio,
864 2636 929 2683 qui
955 2646 997 2673 se
1022 2636 1162 2672 numini
1189 2635 1319 2671 divino
1354 2634 1463 2682 quasi
1487 2627 1651 2671 lu'dibrio
1670 2634 1809 2671 scirent

201 2708 286 2735 esse
312 2698 495 2745 nulloque
520 2697 704 2745 temporis
729 2700 922 2734 momento
949 2696 1085 2733 timore
1103 2707 1148 2733 ac
1165 2694 1368 2733 formidine
1385 2705 1523 2732 vacare
1550 2695 1727 2742 possenti

304 2761 338 2805 1)
382 2758 502 2805 Soph.
522 2758 647 2795 Trach
669 2759 773 2794 1237.

298 2820 334 2865 2)
377 2818 497 2866 Soph.
519 2818 611 2856 Oed.
631 2821 673 2856 C.
696 2822 763 2853 7⁸5
801 2815 979 2867 (ἀλάστωρ
1006 2817 1159 2867 οὖ’μός),
1197 2817 1333 2855 Aesoh.
1354 2818 1488 2864 Agam.
1511 2819 1603 2853 1469
1640 2812 1806 2862 (παλαιός

201 2878 348 2925 ἆλάσωρ
371 2878 544 2927 Ἀτρέως),
