1927 3218
941 72 1012 168 u*

171 258 431 304 universam
464 257 577 304 dens
610 260 793 316 aliquis,
827 259 890 302 de¹
917 259 1046 303 ouius
1078 268 1163 302 nee
1185 259 1365 303 nomine
1388 270 1473 303 neo
1495 252 1653 304 natura
1683 251 1775 304 ani-

170 337 289 397 plins
330 339 568 399 cogitatur.
583 339 618 396 ¹)
680 338 742 382 Et
775 338 838 382 ‘ad
876 338 992 382 hanc
1030 349 1312 383 communem
1356 337 1637 384 Graecorum
1670 331 1773 387 sen-¹

170 418 358 462 tentiam
405 419 500 462 fata
544 418 692 461 omnia
739 431 766 461 a
812 417 1042 461 daemonis
1090 411 1334 461 efficientia
1366 425 1651 477 ‘repetentem
1689 425 1780 476 're-¹

172 498 379 556 spexisse
409 496 589 541 videtur
627 496 911 553 Heraclitus,
951 497 1201 556 vulgarium
1235 498 1495 555 opinionum
1546 499 1777 543 cavillator

173 584 308 634 atque
340 577 509 632 irrisor,
542 577 634 633 qui,
667 591 804 633 quum
837 591 864 619 a
895 577 964 620 sui
987 570 1205 634 cuiusque
1237 576 1407 635 ingenii
1438 579 1772 636 comparatione

173 656 324 699 omnia
350 656 445 699 fere
468 655 696 699 hominum
729 654 879 698 studia
902 661 947 698 et
970 655 1158 699 consilia
1180 662 1225 698 et
1246 656 1446 700 actiones
1468 663 1514 700 et
1534 662 1776 715 propterea

174 735 307 779 etiam
328 735 422 778 fata
444 720 786 792 universamque
810 735 927 779 vitae
946 734 1250 779 conditionem
1269 735 1467 795 pendere
1489 736 1776 796 intelligeret,

175 803 370 876 „5905st
417 815 586 871 inquit,
633 812 919 873 ,,ἀνθραὶπων
963 816 1200 871 δαίμων,·“
1245 815 1332 859 hoc
1379 821 1469 870 est,
1515 815 1774 859 Alexandro

174 880 453 953 Aphrodisio
485 894 747 951 interprete,
780 891 964 952 φύσις.’)
1027 893 1190 952 Neque
1224 901 1372 939 autem
1405 896 1681 954 singulorum
1704 909 1774 939 so-

172 973 264 1016 lum
296 973 525 1016 hominum
559 979 704 1015 sortes
736 973 782 1015 in
815 973 1009 1016 numinis
1041 973 1180 1016 divini
1209 974 1521 1032 designatione
1552 974 1775 1031 repositae

174 1057 294 1106 sunt,
327 1051 409 1095 sed
442 1051 572 1094 etiam
608 1057 768 1109 gentes
802 1066 932 1094 suum
964 1051 1133 1095 habent
1163 1053 1367 1108 δαίμονα,
1400 1053 1475 1109 qui
1506 1066 1656 1096 earum
1686 1053 1778 1095 fata

174 1130 410 1174 constituit
442 1144 494 1172 ac
525 1128 699 1188 regit2).
740 1129 972 1187 Expressa
1003 1145 1111 1173 vero
1131 1137 1201 1174 est
1213 1130 1297 1174 hac
1320 1130 1375 1174 de
1410 1130 1627 1174 daemone
1670 1130 1777 1174 doc-

176 1209 295 1251 trina
326 1209 475 1267 gravis
505 1208 620 1251 haec
638 1207 917 1251 Graecorum
942 1210 1179 1263 sententia,
1210 1209 1400 1265 provida
1423 1216 1468 1252 et
1488 1210 1776 1266 praecedenti

176 1287 370 1331 numinis
402 1287 541 1331 divini
574 1286 886 1346 designatione
921 1291 966 1331 et
998 1287 1276 1346 singulorum
1316 1287 1545 1332 hominum
1584 1294 1630 1331 et
1667 1271 1777 1347 gen-

174 1367 284 1409 tium
324 1366 417 1408 fata
457 1367 703 1409 constituta
748 1381 848 1408 esse
890 1366 945 1408 ab
990 1366 1239 1422 eodemque
1285 1367 1466 1409 numine
1505 1366 1561 1409 ad
1604 1370 1777 1409 certum

177 1445 345 1503 exitum
376 1444 578 1502 perduci.
644 1443 773 1499 Quae
797 1445 1021 1488 sententia
1052 1444 1107 1488 ab
1142 1460 1209 1500 ea,
1243 1460 1356 1500 quae
1380 1460 1557 1488 omnem
1578 1445 1672 1488 fati·
1689 1445 1776 1489 vim

179 1539 214 1565 a
237 1524 509 1566 necessitate
549 1524 595 1566 in
634 1524 733 1580 ipsa
764 1538 912 1565 rerum
945 1529 1128 1565 aeterna
1167 1524 1500 1580 comparatione
1534 1524 1619 1566 sita
1649 1538 1777 1581 repe-

175 1601 302 1645 tebat
334 1608 380 1645 et
412 1617 503 1645 non
535 1603 681 1645 minus
712 1602 828 1645 inter
852 1600 1055 1646 Graecos
1087 1602 1193 1644 trita
1225 1608 1341 1656 erat,
1380 1603 1560 1645 omnino
1601 1602 1779 1645 diversa

177 1686 269 1734 cst3
304 1687 350 1723 et
379 1680 509 1723 facile
542 1680 821 1739 intelligitur,
855 1681 1009 1737 quanti
1033 1695 1086 1722 ea
1118 1681 1175 1722 sit
1207 1680 1420 1724 momenti
1452 1680 1510 1723 ad
1526 1681 1778 1745 universam

179 1758 459 1803 Graecorum
478 1759 533 1802 de
555 1760 636 1802 fati
659 1760 1087 1816 naturaopinionem
1102 1765 1225 1801 recte
1237 1758 1612 1816 perspiciendam.
1627 1757 1777 1813 Quum

163 1824 290 1881 'vero
323 1837 553 1882 hominum
584 1838 764 1882 fortuna
793 1838 1008 1897 plurimas
1036 1836 1207 1882 'habere
1258 1837 1402 1881 soleat
1432 1837 1780 1894 vicissitudines,

144 1918 147 1921 ⁴
175 1917 259 1960 hae
295 1918 427 1960 etiam
459 1924 728 1975 repetuntur
760 1933 786 1961 a
819 1917 1053 1972 daemone,
1086 1917 1161 1974 qui
1195 1917 1404 1973 quoniam
1438 1922 1532 1961 tum
1556 1916 1778 1960 secundas

177 2003 273 2042 tum
300 1995 520 2041 'adversas
553 2011 625 2040 res
658 1997 868 2053 immittit,
899 1997 962 2041 ita
993 2000 1379 2055 repraesentatur,
1414 1996 1542 2054 quasi
1573 2012 1654 2055 pro
1687 1996 1776 2040 for-

177 2082 315 2119 tunae
348 2077 564 2119 varietate
597 2077 643 2118 in
675 2076 828 2134 plures
862 2076 1104 2119 daemones
1128 2075 1297 2118 divisus
1331 2077 1409 2128 sit3
1444 2091 1713 2132 quamquam
1729 2091 1777 2118 re

175 2171 283 2199 vera
316 2155 371 2199 de
406 2155 566 2199 eodem
599 2170 777 2212 semper
810 2171 982 2199 summo
1024 2155 1204 2198 numine
1247 2156 1490 2214 cogitatur,
1531 2155 1653 2211 quod
1693 2155 1778 2198 alio

176 2238 378 2292 tempore
412 2234 534 2284 aliud
566 2248 614 2276 se
649 2224 912 2292 ostendat4).
976 2233 1186 2291 Denique
1219 2234 1403 2291 δαίμων,
1435 2233 1644 2291 quoniam
1678 2248 1779 2277 cum

281 2393 316 2440 1)
361 2392 478 2440 Soph.
499 2391 593 2430 Oed.
612 2392 654 2430 C.
680 2394 784 2428 1766.

276 2455 317 2500 2)·
356 2454 546 2491 Alexand.
564 2453 741 2500 Aphrod.
761 2454 810 2490 de
827 2452 909 2490 fato
927 2452 1430 2500 p.56.of.Sch1eiermaeher‚
1448 2453 1630 2490 Heracliti
1647 2451 1778 2499 frag-m.

176 2514 214 2550 in
242 2514 466 2551 Buttmann.
485 2517 526 2551 et
550 2512 669 2552 Wolf.
688 2514 786 2551 Mus.
806 2513 937 2561 Antiq.
957 2515 986 2560 Ι,
1005 2525 1044 2561 p.
1063 2514 1147 2550 504.

273 2576 313 2621 3)
356 2574 495 2612 Aesoh.
513 2575 650 2622 Agam.
671 2575 778 2611 1445.
801 2569 906 2611 1535.

274 2637 312 2683 4)
355 2636 461 2673 Haec
486 2636 676 2673 sententia
708 2635 855 2683 optime
877 2635 1089 2672 illustratur
1120 2634 1285 2682 pulchris
1316 2634 1374 2672 his
1405 2634 1562 2671 Pindari
1592 2628 1779 2681 versibus,

179 2697 293 2744 Pytha
310 2698 380 2743 III,
401 2698 493 2734 107:

217 2753 224 2763 ⁸
472 2756 655 2807 ,,Σμικρὸς
679 2755 721 2793 ἐν
745 2761 926 2807 σμικροῖς,
951 2754 1070 2806 μέγας
1094 2753 1136 2792 ἐν
1158 2755 1330 2805 μεγάλοις

471 2817 641 2868 ἔσσομαι·
667 2817 741 2854 τόν
765 2815 1020 2867 ἀμφέποντ’
1047 2815 1119 2854 αἰεὶ
1143 2816 1282 2866 φρασὶν

471 2877 650 2929 δαίμον’
677 2877 824 2924 ἀσκήσω
839 2880 920 2915 κατ’
938 2876 1034 2929 ἐμὰν
1049 2877 1272 2929 &noandum
1284 2877 1491 2929 μαχανάν.“
