1927 3218
924 106 991 174 22.

152 245 373 302 quaedam
413 245 481 289 vis
512 246 704 301 inesset,
743 247 935 290 invictos
969 253 1015 289 et
1047 246 1130 290 sibi
1161 246 1274 303 ipsis
1302 230 1618 289 formidolosos
1651 258 1750 288 esse

149 325 417 382 putarent1).

271 403 479 459 Denique
514 403 678 461 singuli
716 403 849 447 etiam
892 402 973 458 dii,
1007 403 1109 460 quia
1134 419 1223 460 -pro
1257 417 1305 446 se
1339 402 1528 459 quisque
1561 402 1751 459 aliquam

148 482 359 544 δαίμονος
397 466 580 539 'partem
628 481 895 525 obtinebant
927 482 1113 539 eiusque
1137 485 1139 487 ’
1163 496 1348 524 munera
1396 480 1595 536 obibant,
1628 487 1751 524 recte

150 561 359 616 δαίμονες
380 559 680 612 vocabantur3
714 575 803 616 quo
827 560 1005 602 nomine
1030 560 1234 602 affectam
1257 558 1462 603 videmus
1485 558 1752 617 Venerem&

152 645 198 681 et
219 654 321 681 cum
345 638 528 695 reliquis
551 637 635 681 diis
660 633 967 696 Minerva‘mss).
1017 639 1169 695 Atque
1191 637 1303 681 haec
1325 638 1392 681 vis
1415 637 1552 681 verbo
1576 653 1753 696 semper

148 717 268 759 inest
308 723 353 759 et
392 716 513 773 apud
552 715 801 759 Homerum
842 722 888 758 et
938 716 1059 773 apud
1099 717 1343 774 scriptores
1388 716 1627 773 plurimOS,
1678 717 1754 773 qui

151 802 255 839 ante
288 795 525 839 Platonem
559 794 822 850 floruerunt,
857 810 993 851 quum
1027 801 1103 837 aut
1134 811 1320 838 numero
1360 795 1521 852 plurali
1554 795 1751 852 positum

149 880 227 919 aut
247 873 512 931 pronomine
544 872 778 918 indefinito
810 873 875 924 τίς
895 874 1148 917 accuratius
1183 873 1412 918 definitum
1436 866 1558 932 est‘).
1613 873 1752 923 Nam-

150 968 237 1008 que
270 969 376 996 num
411 944 660 1010 στυγερὁ
694 952 945 1009 δαίμωνδ)
995 958 1041 994 et
1085 950 1247 1002 κακὸς
1282 952 1532 1010 δᾳίμωνθ)
1581 958 1751 996 certum

147 1030 371 1088 quendam
405 1030 539 1075 deum
572 1030 810 1089 significet,
843 1046 900 1074 an
933 1031 1083 1088 potius
1116 1031 1262 1089 ipsum
1285 1031 1541 1075 universum
1583 1045 1751 1076 numen

149 1110 360 1164 divinam,
393 1109 516 1165 quod
547 1109 760 1153 infestum
795 1118 840 1150 et
861 1109 1103 1167 malignu..2
1139 1110 1210 1164 sit,
1233 1110 1321 1164 vix,
1353 1116 1479 1166 puto,
1513 1109 1750 1153 diiudicari

149 1188 330 1246 poterit.

268 1265 410 1309 Hisce
453 1272 601 1308 autem
642 1265 734 1308 fere
778 1265 983 1308 omnibus
1025 1272 1229 1323 apertum
1277 1267 1408 1309 etiam
1456 1267 1623 1310 factum
1671 1273 1754 1323 est,

149 1344 407 1401 ubicunque
440 1345 609 1400 δαίμων
642 1344 789 1389 dictus
824 1344 896 1399 sit,
927 1345 1151 1401 perveniri
1194 1344 1249 1387 ab
1292 1361 1344 1387 eo
1387 1345 1555 1401 aliquid
1586 1345 1643 1389 ad
1674 1346 1754 1389 ho-

147 1423 305 1478 mines,
340 1422 463 1479 quod
486 1421 544 1466 ad
567 1438 720 1465 eorum
743 1422 835 1469 fata
866 1437 919 1466 ac
954 1428 1099 1466 sortes
1143 1422 1483 1466 constituendas
1515 1424 1751 1480 pertineat.

145 1500 283 1545 Unde
323 1501 442 1545 facili
479 1501 653 1544 ratione
694 1501 979 1559 intelligitur,
1019 1507 1069 1543 ut
1107 1501 1233 1544 brevi
1282 1502 1431 1545 omnia
1475 1508 1749 1560 repetamus,

147 1582 360 1637 δαίμονος
391 1580 570 1624 nomine
605 1580 818 1637 appellari
853 1586 932 1623 aut
952 1581 1209 1624 universum
1244 1597 1409 1623 numen
1440 1581 1638 1624 divinum
1671 1589 1747 1625 aut

145 1659 348 1718 singulos
383 1659 493 1703 deos
527 1675 581 1701 ea
611 1664 755 1715 parte,
790 1665 1011 1715 quatenus
1043 1674 1192 1702 rerum
1227 1658 1539 1704 distributores
1581 1676 1633 1703 ac
1676 1660 1752 1703 da-

143 1727 282 1793 tores,
314 1737 520 1795 hancque
543 1737 687 1795 ipsam
711 1736 768 1780 ob
793 1752 973 1781 causam
1005 1737 1198 1781 fatorum
1232 1744 1442 1782 auctores
1477 1745 1522 1781 et
1553 1742 1751 1783 rectores

143 1822 371 1874 putentur.
436 1817 589 1873 Atque
631 1816 702 1859 hic
743 1816 931 1859 Homeri
976 1822 1045 1858 est
1083 1825 1206 1859 usus.
1278 1817 1346 1860 De
1388 1833 1476 1873 quo
1511 1809 1750 1875 pestquam

146 1896 405 1954 diligentius
445 1895 758 1952 exposuimuS,
799 1895 904 1951 quia
944 1911 997 1938 eo
1040 1895 1349 1951 antiquissimo
1398 1895 1636 1941 verborum
1694 1897 1751 1940 si-

144 1974 443 2034 gnificationis
476 1978 590 2019 teste
641 1980 686 2017 et
733 1974 861 2032 quasi
893 1980 1187 2033 praeceptore
1237 1974 1415 2030 utimur,
1465 1974 1519 2019 de
1565 1975 1748 2033 reliquis

145 2053 454 2111 scriptoribus,
487 2053 563 2110 qui
595 2052 649 2096 ab
683 2053 757 2096 illo
792 2052 899 2096 nihil
931 2053 1023 2096 fere
1048 2052 1303 2108 discedunt,
1335 2053 1615 2098 brevioribus
1649 2070 1748 2099 esse

143 2133 261 2177 licet.

247 2352 280 2397 1)
325 2349 384 2387 Cf.
406 2350 595 2398 Apollinis
623 2349 741 2387 verba
768 2351 811 2387 Il.
832 2350 878 2396 V,
898 2351 967 2387 438
988 2354 1027 2388 et
1044 2353 1129 2398 4593
1158 2351 1380 2396 (Diomedes
1398 2351 1435 2390 in
1454 2351 1625 2390 Aeneam
1642 2352 1749 2390 irruit

144 2410 291 2459 δαίμονι
317 2412 403 2457 ἴσος)
431 2415 470 2447 et
495 2410 639 2457 Martis,
666 2411 759 2447 ibid.
780 2414 863 2446 884.

242 2474 277 2517 2)
304 2471 435 2518 11.111,
462 2473 547 2509 420.

245 2534 280 2579 3)
322 2533 366 2570 11.
395 2533 424 2578 I,
452 2535 521 2567 222
550 2543 633 2570 cum
662 2532 789 2570 Schol.

241 2595 277 2639 4)
322 2593 391 2630 Od.
409 2594 532 2640 XVII,
552 2594 634 2630 446.

243 2656 278 2701 5)
324 2653 393 2692 Od.
413 2654 460 2701 V,
489 2657 571 2692 396.

241 2718 277 2762 6)
320 2716 418 2753 Ibid.
437 2717 484 2762 X,
512 2719 570 2751 64.
