1927 3218
872 94 961 169 ἐι

136 261 289 318 divina,
330 260 557 319 0ogitans
583 257 636 307 in,
669 256 756 300 hoc
799 255 897 299 solo
938 255 1131 302 numinis
1172 254 1328 302 divini.
1355 270 1538 303 munere
1559 255 1727 317 defixa

137 349 279 398 esset,
325 338 488 382 ceteris
522 335 752 389 omnibus,
800 349 915 391 quae
947 335 991 376 in
1027 349 1080 376 eo
1098 340 1238 389 esunt,
1278 334 1520 392 neglectis,
1558 336 1727 394 ⁴5⁴3be

135 420 330 476 ἀλάστωρ
359 416 586 475 peculiare
619 413 844 470 quoddam
879 428 1046 459 numen
1075 412 1303 461 videretur
1335 428 1451 467 esse,
1483 414 1609 459 ,cuius
1630 420 1726 459 tota

136 496 370 554 natura-in
403 495 503 538 sola·
531 493 751 545 scelerum
783 491 953 537 ultione
985 492 1134 548 posita
1167 491 1356 549 esset;¹)
1391 507 1428 537 av
1447 505 1535 547 qua
1556 492 1727 549 cogita·

134 577 255 619 tione
304 575 470 617 seriore
517 578 720 628 tempore
770 570 891 627 genii
930 570 1107 614 ultores¹
1138 586 1165 612 a
1204 570 1288 613 diis
1333 570 1498 617 diversi
1535 570 1727 626 profecti

116 660 253 709 sunt.
319 652 482 709 Neque
522 657 672 694 tamen
710 654 953 705 propterea
991 647 1112 705 apud
1151 648 1424 705 Aeschylum
1465 654 1513 704 et
1550 647 1727 706 Sophos·

136 732 249 776 clem
296 737 444 775 certae
494 728 680 773 alicuius
727 742 947 785 personae
996 726 1180 790 divinae·
1219 726 1499 771 lineamentis
1538 727 1728 770 circum-

136 812 329 869 scriptus
363 816 452 865 est,
492 807 574 851 sed
605 813 807 850 remanet
844 807 890 850 in
924 822 978 849 eo
1011 806 1205 849 infinitas
1239 812 1284 849 et
1316 807 1443 863 quasi
1476 806 1726 850 obscuritas

135 890 332 934 universi
352 887 553 932 numinis*
569 886 719 941 divini,
753 886 879 929 cuius
901 891 1073 943 partem
1097 886 1288 943 aliquam
1312 886 1522 929 ostendit.
1557 881 1725 941 Quare,

137 974 187 1012 ut
218 968 363 1011 omnia
395 966 627 1022 δαίμονος,
659 965 700 1008 h.
738 981 775 1008 e.
803 965 1004 1008 universi
1037 965 1462 1026 numinis,‚munera
1492 971 1626 1022 atque
1660 965 1726 1008 of-

134 1047 234 1089 ficia
265 1061 291 1087 a
324 1045 407 1087 diis
437 1042 628 1102 'singulis
660 1044 968 1101 perficiuntur,
999 1044 1061 1086 ita
1092 1042 1330 1102 ἀλάστορος
1358 1029 1536 1100 quoque
1561 1049 1727 1101 partes,

135 1124 171 1166 si
220 1124 331 1166 certi
379 1123 449 1166 dei
491 1136 687 1179 persona
717 1123 979 1178 requiritur,
1026 1122 1082 1165 ad
1115 1122 1302 1183 deorum
1334 1123 1616 1180 cognitorum
1648 1122 1726 1169 ali-

134 1216 267 1257 quem
308 1200 591 1253 deferuntur3
639 1201 766 1258 isque
805 1201 902 1258 ipse
942 1197 1285 1258 propterea'est
1317 1199 1524 1259 ἀλάστωρ.
1588 1200 1728 1243 Velut

134 1281 220 1323 iam
253 1294 389 1336 supra
420 1281 611 1324 vidimus
642 1281 686 1323 in
710 1281 837 1322 Atrei
868 1286 986 1322 tetro
1019 1280 1216 1323 facinore
1250 1279 1509 1324 ulciscendo
1533 1280 1724 1323 Martem

126 1357 373 1417 ἀλάστορος
402 1374 641 1416 personam
674 1359 892 1417 gessisse;
934 1363 981 1401 et
1012 1356 1310 1417 ἀλάστωρίΠε
1343 1359 1534 1415 δαίμων,
1565 1358 1726 1402 Persa-

136 1453 232 1480 rum
267 1437 410 1481 cladis
439 1444 618 1492 auctor,
665 1439 762 1495 ipse
797 1443 866 1480 est
895 1437 1094 1494 Iupiter,
1135 1438 1211 1493 qui
1243 1438 1419 1481 nimiam
1452 1438 1622 1480 Xerxis
1654 1453 1728 1480 su-

134 1515 332 1573 perbiam
371 1517 460 1559 acri
504 1532 649 1574 poena
686 1516 938 1559 refrenavit.
953 1514 986 1572 5³)
1059 1515 1199 1573 Apud
1239 1515 1508 1574 Sophoclem
1548 1516 1727 1572 Furiae,

134 1714 258 1746 torum
300 1710 492 1757 sanguinis
524 1711 726 1758 effusione,
759 1711 833 1748 hoc
844 1711 1124 1748 estzviolentus
1135 1715 1195 1748 est
1220 1712 1338 1757 ultor,
1366 1712 1562 1758 siquando
1587 1723 1727 1758 cogna-

136 1774 261 1807 torum
290 1770 444 1817 sanguis
477 1771 618 1808 effusus
650 1776 726 1818 est,
758 1776 797 1808 et
839 1782 994 1819 quoquo
1036 1772 1298 1818 progreditur,
1332 1772 1491 1812 eandem
1522 1772 1726 1820 aliquando

134 1835 236 1869 certe
262 1835 440 1868 natorum
465 1836 685 1870 voratorum
704 1833 828 1870 cruori
861 1831 1091 1879 praestabit,
1126 1832 1200 1869 hoe
1225 1837 1303 1869 est:
1335 1833 1505 1880 quamvis
1532 1833 1596 1870 diu
1614 1833 1727 1871 ultio·

134 1903 218 1930 nem
250 1893 476 1931 intermittat
506 1904 664 1942 eamque
697 1894 912 1941 acriminis
945 1896 1102 1930 auctore
1142 1904 1261 1941 usque
1293 1894 1344 1932 ad
1375 1893 1516 1931 liberos
1555 1895 1636 1932 eius
1665 1894 1728 1932 vel

139 1957 300 2000 nepotes
325 1955 387 1991 vel
411 1946 645 2001 pronepotes
671 1956 843 2001 differat,¹
867 1956 993 1991 tamen
1018 1958 1123 1991 certo
1149 1955 1355 2002 aliquando
1383 1966 1469 1991 eam
1482 1960 1726 2002 exsequetur,

133 2013 188 2050 ita
212 2017 258 2051 ut
281 2015 455 2062 sanguini
481 2015 602 2052 effuso
629 2015 859 2053 effundendo
885 2015 1070 2061 sanguine
1096 2013 1266 2051 satisfiat.
1299 2016 1356 2052 De
1376 2026 1450 2062 qua
1467 2014 1727 2068 sententiaa.

135 2086 249 2121 supra
273 2087 299 2122 p
330 2076 377 2112 28
401 2076 489 2114 Not.
510 2080 543 2122 2,
578 2080 617 2115 et
641 2077 777 2114 Aesch.
799 2077 929 2123 Suppl.
949 2079 1018 2110 417
1047 2080 1085 2118 et
1112 2079 1192 2111 702.
1242 2076 1368 2123 Atque
1403 2077 1474 2113 hac
1499 2077 1646 2114 ratione
1672 2077 1727 2115 lo-

134 2145 218 2170 cum
244 2134 517 2183 difficillimum,
533 2138 744 2174 ›Herm-anni
771 2137 960 2184 exquisita
986 2136 1250 2173 emendatione
1269 2136 1407 2182 adiuti,
1434 2137 1545 2182 plane
1572 2137 1727 2184 expedi-

139 2195 239 2231 visse
265 2196 376 2232 nobis
404 2197 584 2234 videmur.

238 2257 273 2302 1)
316 2256 380 2293 Ad
417 2258 532 2295 talem
577 2257 655 2296 fere
700 2259 974 2307 cogitationem
1015 2261 1260 2305 permovetur
1297 2258 1459 2305 animus,
1498 2259 1529 2295 si
1567 2259 1726 2306 legimus

134 2315 315 2364 Aeschyli
344 2317 492 2365 (suppl.
507 2320 594 2366 399)
620 2320 761 2367 locum,
787 2320 853 2357 ubi
880 2319 1063 2362 describit

429 2400 471 2407 —
498 2379 561 2417 τόν
585 2379 822 2429 πανώλεθρον
845 2379 946 2425 θεόν,

421 2439 539 2489 βαρύν
561 2440 726 2484 ξύνοικον
751 2462 795 2468 -
822 2439 1011 2490 ἀλάστορα,

422 2498 461 2542 ὃς
485 2500 570 2538 οὔδ’
590 2500 637 2539 ’ἐν
654 2501 769 2538 Ἅιδου
804 2501 866 2538 τὸν
891 2500 1045 2538 θανόντ’
1064 2500 1292 2555 ,ἐλευθεροῖές

233 2560 269 2604 2)
311 2557 445 2609 ,ἦρξέν
462 2582 506 2588 -
532 2564 595 2598 τοῦ
619 2560 748 2605 παντὸς
770 2564 883 2599 κακοῦ

307 2621 436 2668 φονεῖς
460 2620 661 2672 ἀλάστωρ
686 2621 709 2668 ’l'
730 2622 866 2668 κακὸς
891 2622 1068 2672 δαίμων
1091 2622 1262 2666 ποθένὲ.
1329 2652 1330 2656 ,

130 2677 268 2715 Aesch.
285 2680 390 2718 Pers.
405 2683 609 2727 348.Quem
620 2684 843 2721 daemonem
854 2695 939 2721 esse
950 2685 1073 2730 ipsum
1082 2685 1222 2723 Jovem
1232 2711 1243 2730 ‚
1254 2685 1478 2735 intelligitur
1492 2685 1725 2732 comparatis

130 2737 303 2777 versibus
323 2743 410 2790 7263
431 2746 520 2791 7413
550 2745 631 2781 829.
649 2745 730 2782 Hac
748 2748 873 2792 autem
892 2745 1094 2783 occasione
1113 2744 1244 2784 obla-ta
1254 2745 1723 2793 ndmpraeoernfittendum

131 2808 215 2836 esse
233 2810 371 2841 censeo
396 2801 563 2851 monere,
574 2802 754 2852 ἀλάστορα
764 2803 921 2853 δαίμονα
929 2804 1091 2853 etms»
1107 2803 1280 2853 δαίμονα,
1297 2806 1587 2853 qui‚qun'si.ffint
1596 2806 1721 2851 iidem,

132 2857 180 2894 ab
192 2858 467 2907 interpretibus,
487 2862 669 2901 confundi
680 2865 877 2912 solent,ut
891 2864 1031 2903 factum
1043 2869 1102 2902 est
1113 2876 1135 2901 a
1153 2865 1390 2914 Goettlingio
1408 2866 1632 2909 adamica.
1649 2865 1724 2914 Op.»
